3530 5132
1945 188 2026 252 40

731 389 887 446 quae
931 369 1238 430 Hunerico
1265 366 1596 487 ‘Genserici
1641 363 1765 425 tilio
1804 362 2036 442 juncta,
2082 364 2247 440 prius
2294 362 2533 440 quidem
2575 366 2743 422 tanto
2785 363 3064 444 conjugio
3101 362 3223 424 lae-

729 459 959 515 taretur
962 496 1236 514 .....
1243 457 1261 486 ‘

902 564 1005 618 70.
1054 557 1126 615 ln
1192 552 1543 613 definiendis
1607 553 1701 611 his
1762 548 2124 611 succedendi
2186 549 2378 608 modis
2422 568 2613 627 paene
2656 568 2860 611 omnes
2902 552 3224 629 scriptores

733 644 1148 702 consentiunt:
1193 639 1639 711 Miner-maier,
1684 636 2064 696 Grundsiitze
2083 635 2188 694 des
2232 634 2288 693 d.
2334 637 2407 695 P.
2454 636 2638 710 R.11,
2682 639 2713 712 5
2774 645 2919 698 45⁰.
2968 657 3030 713 p.
3080 643 3218 702 558.

738 728 1003 799 Gerber,
1036 728 1272 800 System
1317 723 1423 782 des
1468 722 1528 781 d.
1573 724 1644 782 P.
1693 723 1771 782 R.
1834 724 1883 797 §.
1930 728 2082 783 275.
2126 722 2476 794 ΕἰοΙιΙιονη,
2520 721 2867 801 Einleitung
2909 723 2971 780 in
3014 721 3120 779 das
3161 722 3219 781 d.

728 814 801 872 P.
842 812 920 871 R.
965 814 1176 887 §.3712
1230 811 1444 886 Geory
1463 809 1752 868 Mic-nael
1773 807 2012 879 Weber,
2060 806 2555 879 Lehenrecht1V‚
2585 827 2646 883 p.
2673 814 2900 867 1-77.
2947 827 3005 866 υ.
3028 806 3223 866 Salza

730 899 1115 970 lic-Menan,
1161 894 1357 954 Lehre
1401 912 1516 952 von
1561 892 1678 951 den
1722 892 2243 951 fideicommissen
2286 911 2349 968 p.
2396 898 2757 953 126-149.

903 1004 1006 1058 71.
1051 997 1156 1055 Sic
1200 996 1261 1054 in
1304 995 1480 1053 domo
1525 994 2051 1071 wirtembergensi
2097 996 2335 1069 pactum
2379 994 2806 1073 Munsingense
2850 992 2908 1051 d.
2956 1011 3014 1052 a.
3061 999 3225 1055 1482

730 1083 1039 1143 constituit
1096 1081 1172 1140 ob
1234 1079 1481 1139 eandem
1539 1098 1819 1138 caussam
1875 1080 2241 1138 senioratum
2301 1097 2411 1137 nec
2467 1080 3017 1158 primogenituram.
3061 1081 3224 1138 Her-

729 1188 922 1229 mann
966 1167 1264 1239 Schulze,
1323 1166 1519 1226 Recht
1584 1165 1690 1223 der
1732 1164 2092 1242 Erstgeburt
2129 1182 2188 1241 p.
2236 1171 2360 1224 285
2406 1184 2576 1242 seqq.
2663 1166 2918 1229 Pactum
2961 1164 3226 1242 ejusdem

729 1257 984 1314 naturae
1028 1253 1183 1312 inter
1224 1256 1486 1328 quatuor
1528 1250 1684 1309 filios
1710 1251 1911 1328 Magni
1955 1250 2037 1307 11.
2086 1248 2147 1306 in
2190 1248 2366 1307 domo
2399 1250 2839 1309 Bruuswicensi
2869 1250 2936 1323 d.
2955 1269 3007 1314 a.
3039 1255 3219 1310 18⁷4.

731 1359 792 1417 p.
841 1345 987 1399 279.
1036 1338 1171 1397 Alia
1217 1335 1487 1413 exempla
1532 1339 1956 1394 enumerantur
1999 1335 2059 1391 in
2105 1334 2311 1393 eodem
2357 1334 2509 1393 libro
2553 1356 2616 1412 p.
2664 1341 2792 1396 324
2837 1354 3000 1412 seqq.
3064 1335 3226 1394 Ean·

731 1425 866 1484 dem
911 1425 987 1481 ob
1032 1442 1305 1482 caussam
1370 1422 1699 1499 postgeniti
1744 1420 2189 1478 indroductioni
2236 1421 2741 1498 primogeniturae
2783 1424 3092 1495 tamquam
3134 1421 3224 1478 in-

731 1509 1028 1569 stitutioni
1088 1509 1458 1585 perniciosae
1521 1505 1702 1579 („der
1762 1505 2145 1581 Einfi’ihrung·
2203 1507 2363 1563 eines
2414 1506 2700 1579 sremden,
2760 1506 2896 1564 dem
2937 1507 3223 1564 Fiirsten·

730 1594 944 1654 stande
965 1592 1528 1663 hochschadlichen,
1573 1591 1932 1669 ungleichen
1967 1589 2089 1648 und
2132 1590 2461 1669 unbiliigen
2478 1592 3224 1670 PrimogeniturwesenS.“

727 1679 981 1739 Pactum
1024 1676 1278 1735 fratrum
1335 1678 1635 1734 Saxonum
1694 1676 2151 1733 Vimariensium
2194 1675 2252 1733 d.
2301 1695 2354 1733 a.
2421 1679 2616 1755 1629)
2683 1695 2749 1735 se
2811 1679 3223 1753 opposuerunt

728 1762 1157 1835 lubentiusque
1217 1780 1452 1837 semper
1523 1762 1886 1836 acceperunt
1944 1759 2347 1832 senioratum,
2416 1779 2595 1834 quam
2657 1762 3221 1839 primogenituram=

729 1846 1072 1925 „Jederzeit
1113 1845 1227 1904 soll
1271 1845 1404 1904 dem
1451 1845 1848 1904 aeltisten
1892 1845 2095 1902 Herrn
2139 1844 2285 1902 oder
2326 1845 2552 1922 Vetter,
2599 1850 2762 1906 ohne
2800 1849 3058 1924 einiyen
3098 1847 3222 1905 Un-

730 1933 1051 1994 terschz'ed
1092 1933 1206 1990 der
1249 1933 1519 2004 Linien,
1562 1929 1801 1989 solcher
1842 1930 2153 1998 Principat
2194 1930 2584 2009 ausgetragen
2631 1932 2938 1991 werden.“
3005 1931 3079 1989 In
3123 1949 3220 1989 eo-

729 2019 865 2079 dem
907 2024 1086 2094 pacto
1129 2015 1188 2074 d.
1235 2036 1291 2075 a.
1341 2023 1525 2076 1629.
1570 2015 1767 2074 Recht
1810 2015 1919 2074 der
1959 2015 2316 2094 Erstgeburt
2358 2036 2417 2092 p.
2464 2023 2611 2077 325.

900 2143 1002 2198 72.
1049 2137 1380 2196 Hermann
1423 2133 1722 2207 Schulze,
1768 2132 1876 2192 das
1930 2133 2127 2192 Bccht
2190 2133 2298 2193 der
2356 2135 2641 2213 Erbfolgc
2684 2136 2744 2193 in
2790 2135 2905 2194 den
2947 2134 3223 2195 siirstlich

730 2220 1672 2282 Sinzendortisch-Reussischen
1742 2221 1789 2278 F
1794 2219 2609 2280 idcieommissherrsehaften
2649 2220 3059 2300 Haggenberg
3101 2220 3221 2279 und

727 2309 1128 2380 Ernstbrunn‚
1176 2312 1361 2379 1859,
1402 2325 1465 2383 p.
1512 2311 1615 2365 30.

898 2416 1004 2472 73.
1047 2408 1362 2469 Heinrich
1407 2407 1620 2485 ΖόρΙῘ,
1665 2406 1955 2467 deutsche
1997 2407 2571 2485 Rechtsgeschichte
2612 2427 2671 2484 p.
2719 2414 2864 2470 779.
2913 2410 2994 2485 (5.
3043 2410 3219 2485 113).

900 2531 1003 2588 74.
1050 2526 1120 2585 In
1167 2524 1488 2584 multorum
1531 2524 1892 2601 populorum
1949 2524 2199 2584 historia
2244 2527 2491 2605 vestigia
2532 2527 2868 2588 senioratus
2912 2527 3224 2587 inveniun-

730 2615 866 2686 tur,
908 2611 1013 2669 ubi
1054 2611 1215 2689 regis
1258 2608 1523 2667 defuncti
1567 2608 1753 2667 frater
1798 2610 1926 2686 ejus
1970 2609 2156 2668 filium
2202 2611 2481 2670 excludit.
2594 2612 2692 2671 Ita
2735 2613 2895 2690 apud
2938 2614 3224 2673 Parthos

732 2694 1104 2757 Mithridates
1149 2694 1226 2753 ad
1267 2711 1518 2771 regnum
1562 2695 1854 2771 pervenit.
1944 2695 2169 2753 Justini
2212 2697 2350 2756 hist.
2397 2698 2466 2756 L.
2518 2704 2595 2758 41
2624 2741 2641 2771 ,
2701 2717 2753 2757 c.
2802 2706 2861 2758 5.
2910 2698 3223 2772 „Phraha·

731 2786 844 2855 teS‚
888 2799 1055 2839 more
1097 2781 1289 2858 gentis
1306 2779 1478 2838 heres
1500 2780 1689 2857 regni,
1726 2779 1983 2839 decessit
2024 2782 2238 2839 multis
2275 2781 2432 2857 filiis·
2468 2783 2733 2857 relictis,
2778 2784 3006 2861 quibus
3029 2803 3223 2859 prae-

737 2868 948 2926 teritis
984 2864 1186 2941 fratri
1220 2865 1615 2941 potissimum
1659 2866 2031 2925 Mithridati
2070 2867 2327 2943 rele’qm't
2389 2869 2779 2941 imperium.“
2829 2901 2910 2911 --
2997 2868 3221 2928 Similis

734 2950 1092 3011 succedendi
1160 2952 1316 3009 ratio
1383 2951 1442 3008 in
1511 2950 1706 3027 Syria
1771 2951 2031 3010 valuisse
2086 2950 2325 3010 videtur
2385 2955 2539 3011 teste
2593 2949 2831 3014 Justino
2874 2952 2943 3011 L.
2989 2958 3097 3027 34,
3140 2959 3221 3013 3:

735 3038 1106 3113 „Antiochus
1151 3035 1421 3108 decedit,
1487 3035 1697 3095 relicto
1754 3037 2007 3112 parvulo
2050 3036 2367 3096 admodum
2428 3037 2573 3110 filio,
2617 3041 2873 3115 patruus
2918 3038 3049 3115 ejus
3095 3039 3224 3097 De·

733 3123 1019 3198 mettius,
1105 3123 1209 3196 qui
1288 3121 1459 3179 obses
1540 3121 1769 3180 Romae
1836 3125 1998 3196 erat,
2079 3123 2318 3200 cognita
2400 3127 2594 3182 morte
2657 3123 2938 3182 Antiochi
3019 3123 3223 3182 fratris

735 3211 1007 3268 senatum
1050 3206 1228 3265 adiit=
1297 3206 1571 3280 „Dimitti
1632 3207 1818 3284 igitur
1860 3225 1925 3266 se
1969 3206 2044 3264 ad
2086 3225 2337 3283 regnum
2395 3207 2721 3283 petendum
2765 3226 3025 3283 aequum
3068 3226 3222 3281 esse,

736 3296 904 3373 quod
942 3295 1138 3352 sicuti
1165 3291 1322 3369 jure
1358 3294 1644 3368 yencizcm
1686 3290 1921 3367 majori
1955 3289 2157 3366 fratri
2194 3293 2491 3364 cesserit,
2561 3295 2653 3350 ita
2709 3312 2880 3353 nunc
2922 3294 3065 3367 sibi,
3110 3296 3224 3371 qui

729 3379 1041 3455 pupillum
1106 3383 1316 3435 aetate
1373 3377 1745 3448 antecedat,
1808 3373 2077 3433 deberi.“
2122 3406 2202 3417 -
2287 3375 2481 3434 Etiam
2544 3377 2707 3455 apud
2762 3378 3226 3456 Langobardos

735 3482 853 3524 non
897 3481 1133 3538 semper
1176 3459 1363 3520 filium
1406 3460 1592 3537 patris
1635 3476 2051 3518 successorem
2094 3458 2289 3535 suisse-
2321 3463 2576 3521 testatur
2636 3463 2893 3539 Procop.
2941 3463 3018 3522 de
3059 3462 3221 3521 bello

736 3549 995 3608 Gothico
1038 3547 1170 3620 111,
1214 3551 1330 3605 35:
1419 3537 1924 3627 Λαγγοβαρδίῦν
1971 3535 2238 3628 Onam),-
2273 3539 2513 3649 ’ἒχειν
2575 3568 2652 3631 ην
2698 3544 2797 3622 τίς
2838 3544 2898 3607 οἱ
2944 3539 3226 3629 ἀνεψιὸς

731 3625 1135 3717 Ῥισιοῢλρος
1178 3621 1427 3716 ὄνομα,
1474 3622 1548 3692 ὃν
1596 3621 1673 3711 δὴ
1724 3624 1755 3689 ὁ
1804 3621 2030 3714 νόμος,
2090 3567 2365 3711 ἐπαιὲαν
2412 3619 2685 3716 Οὖᾶκης
2724 3627 3220 3714 τελευτήσειεν,

738 3708 840 3777 ἐπὶ
886 3708 1013 3799 τὴν
1059 3710 1424 3800 ἡγεμονίαν
1473 3707 1734 3776 ἐκάλει.
1796 3712 2171 3799 προνοήσας
2228 3712 2344 3778 οὖν
2391 3704 2659 3801 Οὖάκης
2717 3708 2895 3792 ὅπως
2954 3715 3038 3793 εἷς
3097 3709 3218 3778 τὸν

737 3795 946 3863 παῖδα
994 3790 1113 3861 τὸν
1162 3787 1376 3859 αὐτοῦ
1424 3792 1466 3880 ἡ
1515 3789 1702 3883 ἁρχὴ
1752 3788 2071 3880 ἄγοιτο.ιι
2115 3833 2201 3846 -
2285 3801 2550 3860 Eandem
2594 3802 3085 3861 consuetudinem
3126 3806 3223 3860 te-

735 3889 930 3947 statur
972 3883 1134 3962 apud
1179 3884 1453 3943 Hunnos
1493 3884 1758 3943 Nic-etas
1807 3885 2149 3945 Choniates
2190 3884 2266 3944 de
2328 3885 2607 3944 Manuele
2650 3885 2718 3945 L.
2765 3887 2871 3962 IV,
2913 3905 2965 3946 c.
3015 3894 3077 3962 1,
3118 3887 3222 3963 qui

735 3973 999 4033 nominat
1042 3988 1159 4028 non
1202 3967 1432 4041 filium,
1474 3966 1580 4027 sed
1622 3967 1869 4029 fratrem
1910 3971 2069 4047 regis
2114 3969 2376 4030 defuncti
2433 3970 2637 4034 Iazae:
2718 3961 2845 4047 „tbg
2889 3967 3091 4053 δῆθεν
3139 3969 3227 4045 εἰς

735 4049 962 4145 ἀρχὴν
1009 4041 1542 4140 δικαιύομενον.“
1585 4086 1666 4097 ·-
1711 4054 1878 4128 Mos,
1937 4056 2041 4129 qui
2086 4055 2253 4114 Livio
2298 4057 2449 4114 teste
2494 4057 2909 4130 antiquissimo
2951 4060 3224 4134 tempore

735 4143 897 4220 apud
938 4140 1223 4202 Numidas
1266 4139 1495 4211 valuit,
1567 4139 1744 4198 etiam
1786 4138 1984 4198 medio
2031 4158 2178 4199 aevo
2224 4139 2388 4215 apud
2427 4141 2699 4201 Mauros
2742 4159 2813 4200 ac
2855 4140 3224 4202 Saracenos

733 4228 1091 4304 Hispanicos
1136 4225 1587 4297 observabatur,
1631 4243 1702 4284 ex
1726 4242 1846 4300 quo
1888 4223 2106 4283 fratres
2146 4224 2399 4301 praelati
2445 4228 2585 4284 sunt
2644 4225 2782 4284 filiis
2827 4226 2904 4284 ad
2945 4228 3223 4302 tempora

732 4312 1156 4373 Abderamani.
1199 4311 1471 4371 Mariana
1493 4309 1633 4371 hist.
1720 4309 2046 4387 Hispaniae
2088 4309 2158 4370 L.
2182 4316 2290 4386 29,
2330 4327 2382 4369 c.
2431 4315 2532 4372 22.
2581 4309 2648 4371 L.
2677 4318 2738 4372 7.
2782 4329 2834 4371 c.
2867 4318 2979 4372 192
3027 4309 3227 4387 „Cor-
