3530 5132
1586 226 1665 290 13

1467 315 1588 324 *-

502 465 507 471 .
576 404 885 474 Exeunte
938 397 1072 473 vita
1120 403 1402 472 demum
1440 402 1814 473 Genserico
1874 403 1961 471 de
1994 403 2418 496 legislatione
2469 414 2678 496 atque
2715 426 2878 473 con·

376 527 725 597 stitutione
776 523 971 615 regni
1023 523 1338 591 intentius
1389 524 1694 616 cogitare
1744 523 1981 611 licuit,
2034 524 2196 615 quia
2245 535 2391 593 tum
2423 522 2697 592 tandem
2734 545 2881 593 res-

382 647 663 738 publica
717 642 1180 710 Vandalorum
1226 644 1405 711 satis
1440 644 1798 735 pacificata
1846 653 2016 712 erat.
2108 645 2348 733 Usque
2397 644 2486 712 ad
2534 643 2673 713 hoc
2708 654 2880 713 tem-

256 847 260 851 Α
386 787 538 857 pus,
596 786 716 831 rex
768 761 1095 830 continuis
1145 762 1343 831 bellis
1395 761 1771 847 distractus,
1830 762 1919 830 ad
1955 784 2131 854 opus
2167 774 2305 833 tam
2357 786 2571 857 grave
2621 764 2883 831 incum-

388 885 554 952 bere
606 882 1022 971 nequiverat.
1078 882 1257 949 Pace
1309 892 1535 950 autem
1587 892 1860 950 aeterna
1912 895 2065 950 cum
2108 882 2430 951 Romanis
2481 883 2677 968 sacta,
2733 882 2885 975 regi

384 1002 777 1094 grandaevo
830 1000 1003 1067 nihil
1055 1002 1271 1094 magis
1323 1000 1512 1070 cordi
1565 1023 1705 1069 esse
1775 1000 2112 1086 debebat,
2184 1024 2390 1091 qnam
2460 1000 2886 1095 legislatione

396 1143 686 1215 regnum
738 1121 1172 1205 confirmare,
1230 1120 1421 1211 quod
1473 1120 1672 1187 armis
1723 1119 2145 1189 condiderat.
2219 1118 2701 1214 Promulgavit
2750 1120 2885 1214 igi-

389 1254 524 1327 tur,
579 1251 883 1308 extremo
936 1240 1114 1308 vitae
1168 1252 1502 1330 tempore,
1559 1239 2132 1324 constitutionem,
2187 1264 2325 1329 qua
2376 1241 2682 1309 ordinem
2734 1262 2888 1308 suc-

386 1359 676 1427 cedendi
745 1383 825 1426 ac
894 1360 1131 1428 multa
1183 1359 1347 1428 alia
1401 1358 1780 1449 praecepit.
1872 1360 2071 1444 Quae
2138 1358 2416 1447 quidem
2483 1361 2596 1428 lex
2643 1379 2891 1427 nomen

390 1479 803 1548 testamenti
870 1477 1124 1559 habet,
1200 1481 1587 1571 „Etafszjnocs
1641 1479 2131 1571 διαθέμενος“;
2213 1478 2500 1546 verbum
2570 1481 2888 1570 διαθῆκαι

390 1600 567 1668 enim
622 1597 811 1690 apud
858 1597 1233 1688 scriptores
1304 1596 1509 1689 hujus
1578 1595 1910 1686 temporis
1959 1618 2230 1686 semper
2282 1606 2758 1668 testamentum
2807 1596 2893 1664 si-

389 1718 675 1809 gnificat
700 1709 789 1784 ⁵⁹.
869 1718 1135 1784 Tamen
1185 1740 1385 1784 nemo
1438 1715 1552 1782 hic
1604 1714 1690 1782 de
1749 1738 1913 1783 vero
1987 1725 2422 1804 testamento,
2487 1740 2685 1785 sensu
2736 1715 2893 1785 stri-

392 1837 605 1905 ctiore
647 1834 823 1927 juris
875 1836 1105 1922 civilis,
1164 1835 1519 1928 cogitabit.
1607 1835 2118 1903 Testamentum
2188 1837 2364 1904 enim
2412 1838 2743 1928 scriptum
2796 1845 2896 1910 est

389 1954 797 2035 heredibus3
846 1955 1021 2022 haec
1045 1965 1270 2023 autem
1306 1953 1659 2022 Genserici
1697 1954 2053 2045 dispositio
2090 1977 2226 2023 non
2276 1956 2431 2026 filiis
2480 1957 2720 2039 solum,
2776 1953 2896 2023 sed

401 2074 528 2141 toti
565 2074 835 2165 populo
861 2072 1328 2141 vandalorum
1363 2082 1738 2163 praecepta
1789 2072 1969 2156 fecit,
2024 2072 2136 2157 „iv
2176 2074 2282 2148 αἷς
2323 2072 2512 2142 ἄλλα
2550 2103 2622 2142 τε
2662 2073 2895 2143 πόλλα
2954 2152 2959 2156 ,

396 2195 630 2260 Βανδ
662 2192 904 2267 ι’λοις
946 2192 1407 2283 ᾸὲπέσκηψεἪ
1497 2212 1675 2279 quae
1727 2190 1817 2258 ad
1886 2190 2333 2260 ordinandum
2401 2192 2600 2284 regni
2649 2200 2900 2260 statum

402 2310 857 2402 pertinebant.
910 2311 1057 2378 Nec
1108 2309 1196 2377 de
1246 2310 1545 2377 filiorum
1598 2310 2014 2378 successione
2050 2311 2270 2378 solum
2307 2311 2706 2379 Gensericus
2758 2309 2899 2378 dis-

400 2429 664 2521 posuit,
718 2428 840 2499 sed
891 2429 1199 2497 ordinem
1266 2428 1668 2497 succedendi
1719 2429 1793 2497 in
1834 2438 2279 2523 perpetuum
2331 2431 2491 2524 lege
2542 2428 2902 2507 ordinavit.

400 2539 691 2619 Nomine
743 2547 1021 2639 quidem
1072 2548 1246 2617 haec
1304 2548 1658 2641 dispositio
1711 2558 2180 2619 testamentum
2237 2560 2405 2637 erat,
2459 2573 2535 2619 re
2592 2573 2752 2618 vera
2786 2570 2899 2618 au·

407 2681 545 2738 tem
598 2669 990 2761 gravissima
1042 2668 1239 2761 regni
1308 2668 1659 2737 Vandalici
1729 2670 2117 2740 constitutio
2141 2720 2162 2756 ,
2236 2692 2415 2760 quae
2488 2669 2763 2758 quidem
2814 2667 2902 2736 ad

400 2786 903 2857 similitudinem
969 2788 1348 2856 testamenti
1414 2809 1500 2856 eo
1552 2788 1959 2875 accedebat,
2035 2790 2223 2882 quod
2276 2789 2677 2859 Gensericus
2730 2810 2903 2877 eam,

403 2905 593 2998 quasi
645 2908 951 2977 ultimam
1023 2908 1385 2976 voluntatis
1455 2906 2003 2996 dispositionem,
2073 2911 2344 3002 populo
2413 2932 2536 2978 suo
2604 2908 2903 2998 reliquit·

410 3029 635 3113 Quam
686 3027 780 3100 ob
834 3049 980 3093 rem
1032 3026 1270 3092 Victor
1323 3025 1611 3092 Vitensis
1660 3023 1853 3092 haud
1904 3026 2238 3096 immerito
2289 3027 2467 3094 hanc
2517 3027 2902 3117 dispositio-

409 3166 565 3215 nem
616 3165 753 3212 non
802 3151 1296 3229 testamentum,
1349 3142 1469 3211 sed
1520 3142 2149 3229 „constitutionem
2205 3144 2632 3214 Genserici⁶‘
2685 3144 2906 3212 nomi-

411 3274 549 3341 nat.
600 3264 745 3332 Nec
777 3261 1194 3330 Justinianus
1226 3262 1601 3354 imperator
1634 3262 1926 3335 haesitat
1964 3263 2312 3334 Genserici
2363 3263 2906 3335 constitutionem

417 3383 746 3478 „126va
802 3384 925 3451 τοῦ
981 3386 1408 3476 Γιζερίχου“
1462 3405 1728 3462 vocare,
1787 3406 1993 3473 quam
2043 3383 2280 3454 iisdem
2329 3382 2568 3453 littoris
2621 3383 2905 3475 „51119-15-

424 3507 603 3580 κας“
643 3501 1127 3571 nominaverat.

615 3622 808 3689 Haec
859 3620 1208 3688 Genserici
1259 3620 1643 3689 constitutio
1712 3632 1858 3692 tota
1910 3624 1996 3693 ad
2049 3647 2169 3693 nos
2219 3645 2355 3694 non
2406 3622 2737 3716 pervenit,
2790 3621 2911 3695 sed

415 3764 498 3810 ex
550 3741 668 3808 illa
724 3740 1046 3832 Procopii
1101 3739 1336 3808 notitia
1390 3738 1887 3830 conjiciendum
1938 3755 2072 3817 est:
2147 3744 2584 3815 Gensericum
2637 3750 2912 3835 praeter

417 3859 728 3928 ordinem
776 3857 1179 3929 succedendi
1230 3858 1517 3927 sanxisse
1582 3859 1714 3927 hac
1784 3863 2261 3934 constitutione
2312 3865 2510 3933 etiam
2566 3863 2700 3928 alia
2747 3882 2912 3952 gra-

422 3979 684 4048 vissima
726 3977 906 4072 juris
957 3975 1216 4069 publici
1285 3978 1625 4070 principia
1699 3978 1940 4064 ,,ἇ’λλα
2008 4013 2082 4053 τε
2134 3982 2442 4068 πόλλα“,
2515 4002 2693 4068 quae
2759 3999 2913 4049 cum

418 4098 616 4190 regni
665 4098 1075 4167 successione
1125 4097 1489 4166 arctissime
1522 4097 1981 4170 cohaerebant
2008 4091 2103 4171 σο.
2168 4102 2353 4170 Num
2403 4099 2606 4167 etiam
2658 4095 2918 4165 Gense-

421 4215 600 4286 ricus
653 4216 745 4283 de
782 4215 946 4308 jure
985 4216 1303 4312 privato
1359 4216 1825 4288 vandalorum
1891 4218 2024 4287 hac
2072 4218 2142 4287 in
2192 4220 2351 4311 lege
2400 4215 2659 4307 aliquid
2710 4238 2920 4309 prae-

417 4334 782 4429 scripserit,
834 4335 1004 4404 nihil
1053 4335 1389 4430 conjicere
1441 4335 1687 4410 audeo.
1740 4337 1848 4409 Ne
1899 4360 2186 4432 operam
2236 4338 2599 4432 perdamus
2630 4335 2704 4405 id
2753 4356 2919 4404 con-
