3530 5132
1831 222 1911 285 1⁰

1727 308 1813 318 ’oo-

830 398 893 465 A
951 396 1394 492 Godigisclo
1445 419 1635 492 rege
1685 419 1931 467 nexum
1999 397 2539 492 propinquitatis
2590 408 2797 489 atque
2869 422 3126 468 succes-

627 515 881 587 sionem
932 540 1178 609 regum
1236 517 1483 587 certius
1536 518 1864 608 prosequi
1918 517 2100 588 licet.

690 672 703 681 α
780 634 1068 703 Vandali
1092 636 1506 705 Pannoniam
1559 637 1982 725 reliquerunt
2019 634 2421 728 Godigisclo
2473 659 2664 729 rege,
2720 637 2841 726 qui
2874 661 3129 730 magno

628 754 894 847 praelio
953 766 1187 824 contra
1237 755 1538 823 Francos
1592 757 1844 823 occisus
1897 766 1995 824 est
2016 745 2089 795 4⁷
2140 755 2392 847 (406),
2448 757 2554 824 cui
2582 757 2893 826 successit
2926 758 3127 826 Gun-

627 856 890 943 dericus
941 873 1124 943 filius
1179 874 1248 941 in
1301 874 1493 967 regia
1544 884 1885 965 potestate
1907 864 2003 943 4⁸.
2093 873 2557 961 GundericuS,
2629 885 2801 945 teste
2874 876 3124 961 Matio,

628 1002 830 1085 capta
886 992 1175 1083 Hispali,
1230 993 1483 1062 interiit
1537 992 1791 1084 (427).

832 1111 1225 1179 Gunderico
1278 1122 1504 1181 autem
1560 1135 1696 1180 nou
1746 1112 1909 1198 filii,
1985 1111 2103 1203 qui
2154 1112 2444 1180 minores
2497 1123 2716 1181 aetate
2767 1113 2970 1181 fuisse
3021 1114 3128 1180 vi-

628 1229 897 1316 dentur,
949 1231 1068 1298 sed
1105 1231 1505 1302 Gensericus
1533 1231 1811 1326 frater
1844 1231 2178 1317 successit,
2234 1231 2618 1323 Godigiscli
2667 1232 2846 1300 filius
2866 1222 2958 1299 ⁴9.
3013 1232 3128 1299 Sic

629 1349 831 1417 etiam
899 1350 1089 1442 apud
1163 1350 1506 1421 Vandalos
1577 1374 1715 1421 non
1764 1351 1995 1421 stricta
2045 1374 2084 1417 a
2139 1360 2339 1441 patre
2392 1349 2479 1417 ad
2529 1351 2744 1418 filium
2797 1352 3124 1420 successio

629 1469 1140 1554 observabatur,
1194 1468 1333 1550 sed,
1390 1471 1544 1539 filiis
1596 1472 1817 1539 ultimi
1869 1470 2051 1562 regis
2104 1469 2514 1553 minoribus,
2587 1471 2642 1538 is
2690 1469 2866 1537 inter
2918 1494 3122 1561 agna·

627 1599 732 1657 tos
787 1589 1342 1679 praeferebatur,
1397 1590 1517 1678 qui
1570 1601 1715 1657 erat
1765 1589 2183 1672 fortissimus,
2236 1589 2634 1678 praesertim
2686 1589 2896 1656 frater
2947 1591 3129 1681 regis

627 1706 950 1776 defuncti.
1024 1707 1393 1793 Quomodo
1447 1708 1893 1793 GensericuS‚
1945 1730 2234 1799 magnus
2285 1707 2482 1799 regni
2535 1707 2898 1795 fundator,
2950 1709 3129 1775 hanc

628 1825 974 1917 antiquam
1027 1826 1574 1899 consuetudinem
1627 1828 1787 1920 lege
1837 1827 2147 1913 sanxerit,
2200 1826 2374 1893 infra
2426 1827 2803 1894 ostendam.

1822 2267 1897 2366 §-
1954 2272 2025 2339 3.

883 2387 989 2445 DE
1035 2386 1554 2446 FUNDATIONE
1603 2386 1859 2445 REGM
1904 2385 2351 2445 VANDALICI
2393 2385 2480 2442 IN
2523 2384 2847 2442 AFRICA.

833 2555 1233 2625 Gensericus
1266 2581 1420 2626 cum
1459 2557 1780 2625 Vandalis
1831 2554 1986 2636 suiS,
2041 2556 2442 2647 quibuscum
2477 2555 2663 2624 mixti
2700 2565 2891 2624 erant
2925 2557 3128 2624 Alani

625 2673 878 2763 aliique
933 2665 1304 2762 Germani,
1376 2676 1680 2745 Africam
1733 2676 2017 2769 petebat
2066 2700 2130 2744 a.
2184 2676 2376 2763 429,
2439 2677 2804 2767 multisque
2855 2676 3128 2768 praeliis

626 2794 858 2885 copias
908 2796 1378 2863 Romanorum
1427 2796 1522 2865 ita
1582 2796 2028 2888 profligabat,
2082 2806 2160 2864 ut
2195 2796 2697 2865 Valentinianus
2752 2796 3125 2886 imperator

625 2935 687 2980 a.
761 2912 911 2981 435
984 2937 1156 3006 pace
1222 2915 1402 2983 facta
1483 2915 1874 3007 portionem
1948 2914 2223 2983 Africae
2314 2917 2496 3000 „ad
2563 2913 3117 2983 Ῑιαῦἱίατιάιιιηις

625 3031 948 3101 Vandalis
1002 3034 1374 3103 concedere
1426 3046 1790 3127 cogeretur
1820 3029 1909 3104 ⁵0.
2007 3032 2498 3125 Carthaginem
2564 3035 2783 3127 ipsam
2834 3035 3126 3101 Romani

627 3152 1073 3238 retinuerunt,
1128 3156 1247 3224 sed
1301 3156 1501 3224 etiam
1556 3155 1732 3222 hanc
1786 3156 2027 3224 urbem
2063 3155 2617 3245 potentissimam,
2671 3154 2887 3222 fracta
2927 3176 3121 3244 pace,

628 3271 1032 3343 Geusericus
1084 3298 1147 3342 a.
1173 3274 1325 3343 439
1379 3274 1761 3364 occupavit.
1817 3274 2021 3340 Bello
2075 3273 2300 3341 denuo
2350 3274 2626 3364 incepto
2662 3273 2955 3342 secunda
2986 3294 3122 3364 pax

626 3415 781 3460 cum
838 3392 1164 3462 Romanis
1217 3416 1279 3461 a.
1335 3393 1486 3460 442
1541 3394 1744 3458 finem
1797 3389 2146 3482 imposuit.
2238 3392 2351 3459 Ab
2404 3391 2537 3459 hac
2588 3415 2761 3484 pace
2811 3392 3119 3461 fundatio

625 3511 823 3601 regni
875 3512 1228 3580 Vandalici
1279 3513 1348 3579 in
1399 3511 1634 3578 Africa
1685 3520 1786 3579 est
1837 3511 2318 3601 computanda.
2407 3512 2640 3580 Prima
2708 3533 2880 3602 pace
2931 3511 3114 3577 Van·

625 3625 796 3696 dalis
870 3629 1085 3713 „data
1135 3631 1370 3721 portio
1422 3629 1695 3697 Africae
1747 3631 1853 3698 ad
1905 3631 2483 3714 habitandum-⁶⁶,
2553 3629 2846 3698 secunda
2897 3619 3122 3696 autem

624 3747 1039 3838 imperator,
1093 3749 1478 3844 definitiva
1527 3752 1808 3835 ratione,
1864 3751 1953 3818 eis
2008 3761 2276 3843 partem
2328 3748 2600 3816 Africae
2652 3748 2982 3838 optimam
3044 3770 3123 3812 ac

623 3866 980 3935 maximam
1032 3869 1245 3954 cessit,
1301 3891 1508 3959 quam
1558 3867 1937 3938 diversam
1989 3870 2338 3957 utriusque
2390 3866 2571 3957 pacti
2605 3867 2937 3934 rationem
2970 3890 3120 3934 ver·

623 3986 729 4055 bis
782 3986 1110 4056 distinctis
1163 3989 1467 4080 Prosper
1515 3988 1768 4058 iudicat
1789 3982 1878 4057 ⁵¹.
1932 3989 2317 4080 Imperator
2358 4009 2438 4053 ac
2487 4008 2608 4053 rex
2659 3985 3121 4054 Vandalorum

624 4106 833 4198 plane
886 4130 968 4175 ex
1019 4129 1241 4200 aequo
1294 4108 1616 4202 agebant,
1668 4109 1764 4177 ita
1814 4118 1892 4177 ut
1941 4108 2328 4199 Imperator
2362 4129 2447 4173 ne
2498 4104 2795 4197 speciem
2849 4106 3125 4195 quidem

625 4227 1044 4320 principatus
1093 4227 1461 4320 superioris
1512 4227 1637 4296 sibi
1689 4249 2032 4297 reservare
2101 4235 2332 4318 posset
2381 4226 2450 4292 in
2502 4246 2722 4317 regno
2773 4225 3124 4294 Vandalu-

623 4367 811 4433 rum,
864 4368 1042 4438 quae
1092 4369 1222 4439 per
1271 4348 1561 4439 longum
1611 4356 1883 4441 tempus
1934 4345 2023 4415 ab
2075 4345 2369 4438 imperio
2423 4328 2741 4415 Romano
2793 4346 3125 4415 retineba-
