3530 5132
1617 174 1695 239 19

392 352 521 418 nisi
573 360 833 419 certum
888 349 1115 416 locum
1165 349 1235 414 in
1291 359 1698 439 agnatorum
1765 350 1943 417 serie
2008 348 2360 441 insignire
2398 351 2568 422 vult.
2675 351 2887 434 Quod

393 492 475 537 ex
528 469 975 560 sequentibus
1028 465 1351 557 ejusdem*
1407 469 1760 557 scriptoris
1833 467 2061 535 verbis
2118 467 2284 536 satis
2339 480 2617 558 apparet
2641 522 2660 552 ‚
2736 468 2887 558 qui-

390 590 524 657 bus
576 590 728 677 ipse
780 588 1160 655 senioratus
1214 585 1521 662 ordinem
1588 588 2013 656 strictissime
2069 587 2423 657 describit:
2494 588 2658 677 „qui
2733 588 2883 654 aliis

391 708 854 796 superviveret
929 705 1180 773 seniori
1255 727 1385 773 suo
1458 706 1655 774 fieret
1721 730 2022 797 sequens
2088 730 2450 777 successor
2522 717 2590 773 et
2641 727 2886 775 rursus

403 828 467 895 ei
516 824 858 914 posterior
926 823 1150 916 ejuS.“

598 942 713 1011 Ob
751 966 900 1011 eam
952 943 1154 1013 etiam
1204 965 1520 1012 caussam
1549 942 1895 1041 Genserici
1931 944 2326 1013 constitutio
2379 942 2753 1034 majoratus
2786 942 2896 1009 in·-

390 1062 943 1151 terpretationem
993 1083 1128 1129 non
1179 1062 1494 1148 admittit,
1549 1064 1710 1151 quia
1761 1062 1831 1131 in
1881 1063 2221 1155 majoratu
2270 1063 2483 1147 filius,
2539 1062 2661 1152 q-ui
2712 1084 2895 1130 sern-

392 1204 514 1270 per
560 1181 741 1269 patri
790 1179 1016 1273 gradu
1066 1183 1420 1267 proximus
1475 1192 1604 1264 est,
1660 1205 1897 1251 omnes
1936 1193 2250 1274 agnatoS‚
2304 1181 2618 1272 quamvis
2672 1192 2895 1251 aetate

392 1298 717 1392 majores,
773 1298 1090 1370 excludit.
1149 1298 1575 1380 Contrariam
1612 1312 1840 1370 autem
1874 1302 2188 1392 regulam
2225 1322 2309 1368 ex
2343 1300 2690 1368 Genserici
2724 1323 2893 1367 con-

394 1420 744 1488 stitutione
792 1419 1116 1504 valuisse,
1167 1418 1458 1487 historia
1510 1420 1734 1487 docet.
1789 1419 2210 1488 Hunericum
2263 1419 2440 1486 enim
2473 1441 2711 1511 regem
2758 1440 2901 1486 non-

390 1536 780 1605 Hildericus
834 1536 1039 1622 filius,
1095 1537 1221 1605 sed
1271 1537 1874 1625 Gunthamundus‚
1929 1549 2219 1630 agnatus
2274 1538 2496 1630 gradu
2548 1538 2893 1623 remotior,

392 1655 583 1722 annis
621 1667 848 1724 autem
874 1655 1117 1747 major,
1173 1679 1259 1724 ex
1282 1657 1629 1725 Genserici
1667 1658 2149 1727 constitutione
2185 1668 2465 1727 secutus
2521 1663 2652 1743 estg
2705 1656 2897 1745 quod

391 1774 583 1841 nullo
638 1773 846 1843 modo
899 1797 983 1842 ex
1036 1780 1449 1863 majoratuS‚
1525 1777 1650 1845 sed
1702 1799 1787 1844 ex
1840 1777 2227 1845 senioratus
2282 1776 2625 1865 principiis
2679 1778 2896 1865 repeti

388 1902 644 1981 potest.

1543 2184 1614 2268 §-
1671 2180 1742 2248 s,

505 2311 612 2369 DE
674 2310 1044 2385 cAUSSIS,
1109 2310 1406 2385 QUIBUS
1471 2311 1917 2371 COMMOTUS
1967 2309 2499 2408 *GENSERICUS
2557 2311 2779 2371 HUNC
2894 2293 2899 2297 ⁶

822 2427 1341 2488 SUCCEDENDI
1383 2430 1756 2489 ORDINEM
1816 2428 2458 2490 INTRODUXERIT.

593 2601 768 2670 Cum
816 2625 945 2669 nos
1014 2602 1225 2670 hodie
1276 2604 1342 2670 in
1395 2605 1712 2673 omnibus
1783 2604 2016 2695 regnis
2086 2627 2166 2669 ac
2216 2603 2704 2692 principatibus
2757 2606 2891 2692 pri·

389 2722 886 2813 mogenituram
906 2773 925 2804 ,
982 2729 1329 2810 tamquam
1396 2724 1718 2811 optimam
1792 2721 2201 2792 succedendi
2268 2745 2608 2809 normam,
2678 2725 2896 2792 intro-

389 2839 662 2908 ductam
712 2838 1086 2926 videamuS‚
1142 2841 1558 2929 quaerimuS,
1615 2867 1736 2911 cur
1772 2843 2173 2912 Gensericus
2229 2864 2369 2909 non
2418 2840 2600 2909 hanc
2654 2865 2893 2911 succe-

388 2957 594 3027 dendi
644 2959 998 3047 rationem,
1051 2959 1177 3025 sed
1228 2960 1643 3028 senioratum
1692 2961 1761 3027 in
1800 2959 2052 3027 familia
2090 2982 2217 3027 sua
2257 2958 2710 3028 stabiliverit?
2762 2963 2896 3030 Et-

403 3076 464 3142 si
516 3076 741 3164 primo
815 3086 1097 3163 aspectu
1166 3074 1303 3142 hoc
1373 3076 1727 3145 Genserici
1814 3087 2248 3166 praeceptum
2300 3076 2544 3144 mirum
2595 3077 2887 3163 videtur,

387 3206 615 3263 tamen
664 3194 1512 3283 accuratiusinquirentes
1582 3197 1781 3265 facile
1850 3218 2131 3264 caussas
2203 3194 2657 3287 intelligimus
2680 3245 2699 3280 ‚
2772 3218 2892 3262 cur

387 3336 679 3405 magnus
740 3311 1206 3382 vandalorum
1256 3337 1380 3383 rex
1433 3316 1642 3385 alium
1678 3314 2079 3385 succedendi
2115 3313 2422 3383 ordinem
2475 3314 2890 3381 constituere

388 3457 611 3524 neque
662 3432 954 3500 voluerit
1004 3449 1228 3521 neque
1279 3436 1616 3522 potuerit:

596 3550 676 3640 1)
740 3550 1254 3639 Antiquissimis
1307 3555 1752 3642 temporibus,
1815 3554 2068 3641 quibus
2100 3553 2409 3639 „populus
2439 3552 2511 3618 in
2563 3550 2884 3642 eligendo

386 3692 554 3762 rege
623 3668 910 3737 multum
987 3669 1259 3737 valebat
1281 3721 1300 3755 ,
1380 3670 1891 3759 praeferebatur
1961 3670 2149 3738 haud
2200 3694 2356 3740 raro
2411 3681 2730 3740 strenuus
2784 3680 2884 3738 at-

386 3811 524 3877 que
575 3787 771 3856 fortis
825 3787 1045 3870 ultimi
1096 3789 1278 3879 regis
1328 3789 1539 3857 frater
1617 3790 1771 3856 filiis
1842 3794 1993 3876 eJus
2049 3789 2580 3881 impuberibus.
2686 3790 2886 3858 Istud

384 3905 595 3995 igitur
647 3907 1027 3974 senioratus
1082 3907 1504 3996 principium,
1561 3931 1701 3997 quo
1753 3909 1936 3976 filius
1991 3931 2127 3976 non
2164 3932 2435 3997 semper
2485 3918 2750 3997 patrem
2787 3929 2883 3974 se·

386 4023 650 4112 quitur,
702 4026 791 4092 ab
844 4025 1198 4094 hodiernis
1271 4026 1678 4096 succedendi
1729 4025 2076 4115 principiis
2129 4027 2565 4094 vehementer
2619 4024 2881 4091 abhor-

384 4165 565 4227 renS‚
619 4144 839 4235 magis
894 4157 1422 4216 consentaneum
1475 4156 1624 4214 erat
1674 4145 2110 4233 antiquorum
2172 4144 2673 4211 Germanorum
2730 4164 2882 4209 mo-

384 4261 601 4331 ribus,
663 4261 978 4332 Maximi
1030 4273 1140 4335 est
1173 4265 1533 4351 momenti,
1584 4265 1784 4356 qnod
1812 4261 2250 4332 Gensericus
2302 4261 2461 4354 ipse
2496 4283 2589 4329 ex
2629 4261 2883 4328 eodem

2449 4381 2534 4437 2*
