3530 5132
1849 202 1931 267 22

620 391 756 448 tem
810 379 1119 472 gentium
1173 378 1543 446 alienarum
1596 383 1666 445 et
1715 376 2112 445 inferiorum
2162 376 2556 462 imitatione,
2609 374 2786 442 hanc
2837 374 3129 443 formam

622 498 1025 568 succedendi
1077 496 1367 589 posteris
1416 495 1548 565 suis
1599 518 1679 562 ac
1729 496 2003 587 populo
2055 494 2526 563 Vandalorum
2596 494 3125 586 praescripsisse.

1761 785 1832 869 §-
1888 783 1958 848 9.

794 917 902 976 DE
945 913 1641 975 POSTGEMTORUM
1688 913 1962 974 STATU
2015 913 2452 974 SECUNDUM
2516 912 2952 972 GENSERICI

1503 1032 2239 1093 CONSTITUTIONEM.

828 1204 1336 1273 Constitutionis
1389 1207 1622 1291 verba,
1676 1215 2006 1295 quatenus
2057 1206 2253 1274 nobis
2303 1228 2345 1271 a
2384 1204 2829 1295 scriptoribus
2877 1206 3128 1274 tradita

620 1333 814 1409 sunt,
887 1323 974 1391 de
1024 1324 1178 1392 filiis
1247 1325 1652 1416 postgenitis
1723 1347 2099 1414 eorumque
2165 1323 2722 1391 descendentibus
2797 1323 2967 1390 nihil
3021 1324 3126 1391 di..

623 1453 798 1512 serte
849 1442 1341 1534 praescribunt.
1430 1443 1569 1512 Ubi
1623 1453 1872 1529 autem,
1928 1443 2338 1511 successione
2391 1466 2597 1531 quam
2649 1451 2890 1510 vocant
2942 1442 3125 1511 indi-

622 1562 908 1630 viduali
959 1560 1366 1644 introducta,
1422 1584 1592 1629 unns
1646 1584 1729 1628 ex
1781 1563 1937 1630 filiis
1991 1573 2250 1631 tantum
2304 1563 2391 1630 ad
2445 1584 2735 1653 regnum
2787 1562 3122 1651 pervenit,

621 1701 885 1747 necesse
938 1688 1073 1761 est,
1143 1687 1226 1744 ut
1268 1679 1791 1770 prospiciatur
1843 1679 2287 1761 minoribus,
2361 1681 2479 1769 qui
2530 1705 2569 1747 a
2622 1680 2817 1771 regni
2868 1703 3125 1748 succes-

621 1798 808 1865 sione
858 1806 1012 1863 sunt
1064 1796 1313 1863 exclusi
1334 1788 1423 1862 ⁷⁵.
1497 1796 1612 1864 Sic
1664 1797 1867 1865 etiam
1923 1797 2326 1866 Gensericns
2378 1798 2555 1865 bene
2605 1799 2962 1889 prospexit
2995 1795 3121 1890 ju-

622 1913 952 1983 nioribus
1002 1914 1180 2001 filiis,
1235 1937 1370 1982 non
1423 1915 1700 2005 quidem
1751 1918 2118 2008 apanagio,
2176 1916 2367 2007 quod
2419 1916 2489 1982 in
2541 1918 2839 2007 pecunia
2887 1940 3118 1987 nume-

625 2043 773 2102 rata
823 2032 1035 2100 hodie
1086 2032 1448 2101 consistere
1515 2034 1724 2120 solet,
1795 2034 1917 2104 sed
1986 2035 2315 2103 ditissimis
2388 2035 2795 2121 latifundiis,
2877 2038 3123 2126 quibus

627 2175 875 2221 onmes
926 2151 1101 2220 filios
1153 2163 1322 2222 teste
1375 2152 1771 2244 Procopio,
1843 2154 1932 2222 de
1984 2155 2149 2222 bell.
2208 2154 2430 2222 Vand.
2484 2155 2539 2239 Ι,
2597 2154 2667 2240 5,
2723 2179 2942 2244 aeque
2993 2155 3126 2225 do-.

630 2273 849 2341 navit:

829 2394 1017 2475 ,πῶν
1066 2389 1134 2456 δὲ
1170 2384 1440 2473 Λιβύων
1487 2388 1549 2457 εἶ’
1584 2418 1647 2458 τι
1690 2391 1808 2485 μὲν
1855 2392 2128 2486 δόκιμον
2172 2389 2546 2478 ἐτύγχανεν
2588 2388 2659 2456 ὃν
2690 2390 2799 2457 καὶ
2842 2389 3127 2476 πλούτῳ

633 2507 984 2604 ἀκμάζον,
1052 2501 1292 2582 αὐτοῖς
1348 2510 1585 2601 ἀγροῖς
1637 2537 1709 2576 τε
1768 2507 1877 2576 καὶ
1942 2517 2105 2577 πᾶσι
2165 2510 2508 2601 ’χρήμασιν
2566 2506 2626 2574 ἐν
2688 2505 3114 2599 ἀνδραπόδων

626 2630 830 2725 μοίρᾳ
867 2625 1208 2717 παρέδωκε
1243 2630 1391 2699 τοῖς
1427 2625 1650 2694 παισὶν
1689 2625 2048 2720 Ὁνωρὶχςυ
2095 2654 2168 2696 τε
2222 2624 2331 2693 καὶ
2386 2629 2757 2719 Γένζωνι.“

827 2742 1036 2809 Dedit
1085 2742 1301 2834 igitur
1351 2766 1473 2810 rex
1526 2766 1774 2834 magna
1846 2744 2208 2812 latifundia
2278 2743 2797 2834 provincialium
2850 2744 3124 2833 utrique

623 2862 770 2930 filio
819 2859 1171 2928 Hunerico
1223 2861 1418 2951 regni
1471 2862 1835 2930 successori
1891 2872 2101 2952 atque
2163 2862 2472 2929 Genzoni
2526 2862 2942 2953 postgenito,
2999 2862 3119 2949 qui

626 2978 1100 3047 constitutione
1158 2980 1368 3070 patris
1422 3004 1463 3047 a
1512 3003 1733 3073 regno
1787 2984 2090 3051 exclusus
2144 2990 2312 3049 erat.
2365 2981 2559 3047 Haec
2609 2978 2965 3049 latifundia
3007 3002 3120 3047 re-

626 3100 730 3191 gis
782 3099 937 3167 filiis
987 3098 1081 3166 ita
1134 3097 1508 3183 dabantur,
1563 3110 1640 3168 ut
1692 3101 1782 3167 ad
1835 3124 2071 3171 eornm
2143 3101 2452 3168 heredes
2503 3099 2882 3169 transirent.
2976 3100 3121 3167 Eo-

631 3220 785 3286 dem
841 3219 1015 3285 enim
1076 3216 1237 3306 jure
1304 3219 1735 3308 gaudebant,
1831 3242 1971 3306 quo
2042 3241 2272 3288 omnes
2342 3218 2631 3286 Vandali
2697 3217 2766 3285 in
2834 3220 3159 3295 sortibus¹

629 3338 761 3405 suis
812 3337 1219 3420 utebantur,
1291 3359 1468 3424 quae
1516 3335 1933 3402 hereditario
1974 3334 2173 3422 jure,
2245 3334 2596 3425 „funiculo
2664 3336 3122 3420 here‹litatis“,

631 3477 982 3522 concessae
1035 3464 1246 3521 erant.
1303 3453 1505 3520 Proc.
1547 3454 1602 3537 1,
1657 3475 1812 3543 cap.
1857 3451 1929 3521 5.
1984 3452 2222 3520 Victor
2248 3453 2535 3522 Vitensis
2577 3456 2629 3540 l,
2673 3480 2828 3547 cap.
2860 3457 2933 3524 4.
3011 3456 3126 3522 Sic

628 3594 764 3639 non
816 3572 1033 3638 solum
1084 3572 1236 3639 filiis
1286 3571 1447 3663 ipsis
1493 3568 1881 3661 junioribus
1906 3621 1927 3658 ‚
1996 3571 2113 3639 sed
2167 3571 2367 3641 etiam
2422 3597 2660 3642 eorum
2710 3573 3132 3642 descenden-.

627 3690 807 3758 tibus
858 3689 1034 3755 bene
1085 3700 1525 3778 prospectum
1595 3700 1759 3759 erat.
1851 3691 2061 3776 Quod
2115 3692 2313 3759 etiam
2368 3715 2451 3759 ex
2501 3691 2824 3782 Procopii
2876 3692 3123 3777 verbiS‚

631 3816 1035 3900 argumento
1089 3828 1127 3872 e
1178 3807 1541 3893 contrario,
1597 3810 1906 3878 concludi
1961 3819 2212 3901 potest,
2267 3810 2386 3899 qui
2437 3809 2636 3876 dicit:
2712 3811 2898 3877 duos
2947 3808 3124 3879 filios

631 3937 893 3998 tantum
945 3924 1283 4016 accepisse
1334 3926 1711 4006 latifundia,
1770 3931 1929 4019 quia
1982 3927 2391 3998 Theodorus
2445 3928 2701 4015 tertiuS,
2753 3928 2953 3996 nullis
3004 3928 3127 3996 he-

628 4048 903 4116 redibus
954 4045 1226 4131 relictis,
1280 4069 1504 4136 neque
1554 4049 1883 4126 masculis,
1939 4070 2160 4136 neque
2211 4046 2561 4131 femininis,
2617 4056 2921 4117 mortuus
2959 4048 3125 4117 fuis-

625 4177 767 4234 set:
828 4165 1232 4259 ,,Θεόδωρος
1293 4166 1426 4261 γὰρ
1476 4168 1508 4236 ὁ
1552 4169 1894 4242 νεώτατος.
1945 4162 2266 4235 ἐτελεύτα
2314 4164 2475 4259 ἤδη,
2538 4164 2744 4243 ὅπως
2799 4167 2877 4239 τὸ
2916 4168 3125 4262 παρά-

623 4313 752 4353 παν
803 4281 1076 4376 ἅρῥενός
1135 4313 1208 4352 τε
1263 4285 1374 4354 καὶ
1439 4288 1694 4378 θήλεος
1746 4285 2037 4374 γόνου.“
2108 4283 2184 4351 Si
2238 4306 2400 4351 vero
2452 4283 2576 4353 illo
2632 4294 2945 4378 tempore
2994 4286 3125 4353 he·-
