3530 5132
1596 216 1677 283 25

403 394 712 473 nabatur,
767 392 952 463 hunc
982 399 989 404 ’
1014 392 1433 463 sacerdotem
1502 403 1657 463 ante
1730 414 1958 461 omnes
2009 393 2272 484 patriae
2324 393 2493 485 legis
2544 394 2890 463 custodem

401 538 480 580 ac
531 513 821 605 legitimi
869 513 1141 582 heredis
1210 511 1634 581 defensorem
1704 513 2068 582 extiturum
2094 502 2206 580 ⁷⁸:
2278 513 2423 596 „ob
2499 512 2634 579 hoc
2701 514 2893 603 quod

398 632 748 701 Jocundus
797 631 867 698 in
919 632 1125 700 domo
1177 630 1593 699 Theoderici
1645 632 1952 723 germani
2003 631 2182 724 regis
2256 632 2578 723 (legitimi
2628 655 2890 701 succes-

399 751 600 841 soris)
653 749 1146 842 acceptissimus
1197 749 1605 843 habebatur,
1665 749 1860 841 cujus
1910 750 2087 817 forte
2137 750 2468 842 suffragio
2520 762 2893 822 memorata

404 870 645 939 (lomus
698 868 945 958 (frater
996 868 1464 937 Theodericus
1514 869 1664 959 ipse
1716 881 1834 939 aut
1887 869 2032 960 ejus
2083 870 2263 937 filius
2313 883 2475 937 natu
2530 870 2889 960 maximus)

405 1010 694 1081 regnum
747 996 1021 1079 poterat
1073 987 1451 1073 obtinere,“
1507 989 1743 1057 Victor
1777 988 1916 1057 Vit.
1951 986 2141 1063 11‚5.
2192 986 2503 1055 Eandem
2555 990 2647 1057 ob
2702 1011 2890 1057 caus-

403 1131 543 1176 sam
597 1107 978 1175 Hnnericus
1031 1108 1233 1174 etiam
1283 1129 1615 1175 summum
1691 1108 1958 1175 civilem
2016 1104 2192 1195 juris
2260 1106 2465 1197 patrii
2530 1130 2609 1176 ac
2657 1108 2895 1200 legum

402 1225 748 1293 custodem
769 1275 789 1311 ,
859 1224 1224 1293 Heldicnm
1275 1248 1497 1294 senem
1519 1278 1538 1309 ‚
1621 1224 1969 1294 Genserici
2021 1225 2183 1291 olim
2235 1224 2707 1294 cancellarium
2757 1226 2896 1295 sive

403 1345 599 1436 regni
628 1342 1120 1435 praepositum,
1177 1353 1384 1432 atque
1436 1342 1715 1411 comites.
1749 1342 2288 1434 quamplurimos
2329 1353 2398 1410 et
2432 1343 2694 1412 nobiles
2728 1366 2895 1436 gen·

410 1463 494 1529 tis
545 1485 742 1547 suae,
798 1460 915 1550 qui
969 1462 1329 1529 successori
1381 1462 1692 1553 legitimo
1744 1461 2252 1545 adhaerebant,
2332 1461 2420 1528 de
2472 1461 2697 1530 medio
2750 1484 2895 1530 sus-

387 1580 557 1649 tulit
628 1581 771 1665 ,‚ob
822 1580 960 1647 hoc
1010 1579 1199 1669 quod
1276 1603 1603 1671 germano
1655 1602 1778 1648 suo
1830 1579 2207 1649 faverent.“
2312 1579 2604 1648 Diversis
2659 1580 2895 1671 poenis

401 1707 470 1766 et
528 1699 845 1767 incendiis
897 1698 1256 1768 trucidavit
1307 1699 1686 1767 Hunericus
1741 1700 2077 1784 „multos,
2160 1721 2330 1789 quos
2382 1699 2445 1766 ei
2497 1698 2898 1766 Gensericus

401 1829 599 1907 pater
650 1818 963 1902 moriens,
1019 1829 1434 1886 sacramento
1486 1818 1912 1909 interposito,
1969 1817 2594 1902 commendaverat,
2664 1817 2896 1887 imme·

400 1959 551 2003 mor
599 1936 767 2003 fidei
822 1947 891 2004 et
941 1938 1335 2004 sacramenti
1402 1938 1763 2021 violator,“
1832 1936 2014 2003 Vict.
2067 1937 2206 2004 vit.
2258 1937 2351 2020 ΙΙ,
2402 1935 2473 2005 5.
2577 1936 2896 2003 Fortasse

402 2054 603 2122 etiam
647 2053 771 2121 hos
825 2054 1226 2121 Gensericus
1278 2055 1774 2129 nominaverat,
1830 2065 1906 2121 ut
1959 2053 2441 2122 constitu-tionis
2493 2053 2896 2121 fundamen-

400 2172 552 2240 talis
603 2195 681 2237 ac
733 2171 1080 2263 legitimae
1130 2172 1553 2240 successionis
1607 2182 1774 2263 post
1817 2183 2107 2240 mortem
2142 2194 2329 2239 suam
2362 2172 2604 2239 fierent
2656 2170 2893 2238 defen-

398 2313 605 2359 sores·
659 2289 1048 2359 Catholicos
1099 2300 1323 2359 autem
1367 2290 1750 2381 episcopos,
1806 2313 1976 2380 quos
2011 2302 2208 2358 antea
2244 2290 2698 2357 crudelissime
2734 2312 2899 2380 per-

399 2421 663 2479 secutus
715 2420 881 2492 erat,
937 2411 1315 2477 Hunericus
1369 2431 1543 2476 nunc
1594 2410 1912 2477 inducere
1965 2410 2213 2496 voluit,
2269 2418 2346 2477 ut
2397 2418 2555 2500 post
2606 2419 2896 2477 mortem

402 2552 589 2600 suam
641 2528 1070 2599 Hildericum
1120 2528 1337 2597 filium
1389 2538 1878 2621 agnoscerent:

557 2648 844 2735 „Jurate
896 2648 1028 2736 (ita
1076 2650 1434 2740 episcopos
1486 2648 1858 2738 alloquitur
1907 2649 2093 2740 regis
2127 2647 2568 2741 procurator)
2620 2647 2684 2716 si
2723 2655 2904 2739 post

407 2765 682 2836 obitum
708 2772 711 2775 ’
737 2766 1012 2835 domini
1060 2767 1297 2836 nostri
1355 2767 1600 2861 regis,
1673 2763 1829 2858 ejus
1854 2766 2115 2863 fllium
2167 2766 2561 2837 Hilderich
2614 2766 2902 2835 deside-

405 2887 586 2956 retis
637 2908 794 2955 esse
844 2907 1104 2979 regem
1123 2923 1342 2938 ——-
1394 2887 1557 2974 quia
1606 2886 1660 2953 si
1712 2902 2200 2958 sacramentnm
2266 2887 2471 2977 hujus
2537 2885 2636 2953 rei
2687 2884 2901 2954 dede-

401 3004 567 3089 ritis‚
626 3005 934 3072 restituet
983 3026 1103 3070 vos
1155 3003 1446 3070 ecclesiis
1495 3003 1801 3087 vestriS,“
1855 3004 2031 3071 Vict.
2085 3003 2223 3070 Vit.
2262 3004 2473 3088 1V,4.

606 3120 781 3192 Cum
834 3144 1065 3190 omnes
1103 3120 1414 3214 proprii
1464 3120 1712 3211 populi
1765 3121 2096 3212 primores
2129 3121 2499 3212 illegitimis
2531 3119 2712 3210 regis
2768 3119 2891 3186 de·-

405 3241 659 3310 sideriis
711 3252 851 3309 tam
900 3250 1170 3308 strenue
1220 3263 1293 3308 se
1346 3250 1798 3330 opponerent,
1850 3239 2229 3307 Hunericus
2299 3238 2707 3306 catholicos
2749 3239 2902 3329 epi-

403 3382 646 3451 scopos
697 3359 824 3426 sibi
895 3359 1368 3429 inimicissimos
1420 3360 1487 3425 in
1539 3381 1688 3426 suas
1739 3370 1968 3449 partes
2038 3357 2311 3425 trahere
2375 3357 2653 3426 studuit.
2761 3356 2908 3424 Sed

411 3479 614 3547 etiam
684 3478 860 3545 inter
926 3476 1055 3545 hos
1122 3500 1262 3545 non
1329 3478 1577 3546 multos
1644 3476 2100 3568 usurpationis
2177 3475 2523 3567 adjutores
2553 3481 2558 3485 ’
2590 3476 2910 3544 invenisse

403 3599 692 3666 videtur.
786 3597 874 3664 Iis
927 3586 1103 3663 enim
1157 3595 1493 3686 episcopis
1547 3594 1918 3681 catholicis,
1974 3595 2094 3685 qui
2146 3617 2281 3662 non
2322 3594 2673 3684 jurabant,
2699 3612 2702 3617 ⁴
2729 3594 2903 3686 regii

403 3725 885 3808 procuratores
949 3714 1310 3782 dicebant:
1394 3713 1622 3800 „Quia
1689 3737 1979 3806 regnum
2027 3714 2151 3781 filii
2203 3713 2456 3795 domini
2507 3714 2712 3782 nostri
2775 3718 2908 3780 non

405 3836 675 3926 optatis,
727 3834 983 3901 idcirco
1027 3832 1265 3923 jurare
1317 3831 1689 3917 noluistis,“
1761 3831 1937 3900 Vict.
1993 3831 2131 3900 Vit.
2178 3833 2297 3917 IV,
2326 3832 2397 3900 5.

606 3953 1036 4042 Quamquam
1087 3950 1468 4019 Hunericus
1525 3974 1564 4015 a
1617 3951 1805 4017 nullo
1839 3946 2155 4018 ‘facinore
2206 3949 2604 4034 abhorruit,
2660 3959 2734 4017 ut
2794 3971 2903 4015 re·-

395 4093 607 4161 gnum
658 4070 749 4137 ad
799 4071 1016 4140 filium
1068 4070 1479 4152 transferret,
1535 4078 1760 4135 tamen
1816 4067 2160 4136 Genserici
2222 4068 2607 4136 constitutio
2658 4089 2699 4132 a
2721 4067 2912 4133 Van-

403 4188 574 4256 dalis
626 4196 808 4256 tanta
859 4189 1118 4279 pietate
1169 4188 1694 4272 observabatur,
1764 4196 1842 4255 ut
1909 4186 2289 4255 Hunericus
2341 4185 2447 4270 id,
2522 4184 2711 4274 quod
2784 4183 2911 4252 sibi

398 4306 785 4399 proposuit,
840 4329 1270 4397 nequaquam
1323 4307 1581 4397 assequi
1638 4316 1884 4397 posset.
