3530 5132
1739 292 1935 300 ...ν-..κ
1943 295 1952 298 ι

639 393 758 451 est.
812 381 926 448 Ab
977 378 1113 446 hoc
1163 387 1473 468 tempore
1512 374 1630 469 jus
1681 375 2084 445 succedendi
2134 377 2202 445 iu
2235 375 2450 446 Lethi
2501 375 2685 469 regis
2735 377 2992 446 familia
3026 402 3140 447 re-

637 500 895 571 mansit.
953 498 1096 584 „Hi
1128 519 1357 565 omnes
1410 495 1754 591 Lethingi
1783 496 2097 577 fuerunt3
2148 496 2242 566 sic
2287 496 2464 563 enim
2518 495 2709 587 apud
2764 520 2879 566 eos
2931 521 3139 588 quae-

634 621 792 688 dam
846 617 1089 687 nobilis
1146 617 1473 708 prosapia
1521 617 1965 686 vocabatur.“
2017 615 2216 684 Paul.
2270 615 2461 686 Diac.
2515 615 2572 700 l,
2627 615 2728 686 21.

841 739 1297 827 Posteaquam
1365 738 1434 804 in
1509 736 1801 827 septima
1867 735 2309 827 generatione
2374 734 2865 827 Lithingorum
2932 736 3140 828 stirps

631 860 839 928 virilis
892 857 1185 927 extincta
1237 856 1386 942 fuit,
1441 855 1645 924 etiam
1673 854 2145 949 seminarum
2202 877 2286 922 ex
2337 853 2473 922 hac
2524 854 2778 924 familia
2819 854 2936 946 jus
2989 879 3135 923 suc-

631 977 919 1046 cedendi
970 977 1488 1069 agnoscebatur.
1575 975 1683 1043 De
1754 973 2155 1042 feminarum
2197 971 2361 1067 jure
2412 974 2837 1044 successionis
2890 974 3136 1043 diversi

633 1098 1140 1165 Germanorum
1193 1094 1437 1186 populi
1487 1092 1749 1164 diversa
1821 1093 2156 1185 principia
2225 1096 2632 1164 statuebant.
2720 1096 3134 1188 Langobar-

629 1216 774 1303 doS‚
830 1216 1188 1284 deficiente
1238 1216 1452 1306 stirpe
1508 1213 1711 1299 virili,
1765 1197 1972 1281 etiam
2021 1214 2281 1284 feminis
2326 1214 2500 1282 illud
2540 1214 2657 1306 jus
2714 1216 3131 1300 concessisse,

626 1359 763 1404 non
829 1346 1060 1426 potest
1128 1335 1393 1425 negari.
1504 1332 1830 1402 Autharis
1908 1355 2030 1400 rex
2098 1336 2349 1403 electus
2385 1409 2386 1412 Ἴ
2426 1359 2715 1428 regnum
2784 1359 2978 1405 suum
3049 1358 3131 1403 eo

625 1445 1032 1524 confirmare
1106 1452 1404 1538 studuit,
1477 1452 1670 1543 quod
1738 1453 1810 1520 in
1878 1452 2383 1523 matrimonium
2436 1455 2630 1523 duxit
2703 1455 3128 1524 'l'heodelin-

624 1576 809 1660 dam,
867 1572 1181 1643 Bavarici
1232 1573 1424 1641 ducis
1476 1573 1728 1659 filiam,
1801 1594 1981 1663 quae
2052 1585 2199 1643 erat
2250 1575 2474 1666 neptis
2531 1574 2896 1643 Wachonis
2949 1574 3130 1665 regis

630 1717 717 1762 ex
767 1693 1275 1785 Lethingorum
1327 1693 1565 1783 stirpe.
1654 1691 2001 1761 Mirantur
2051 1692 2392 1761 interdum
2444 1694 2845 1784 scriptores,
2915 1695 3130 1785 quod,

625 1823 898 1882 mortuo
950 1811 1242 1880 Authari
1263 1862 1285 1898 ,
1352 1810 1805 1902 Langobardi
1872 1810 2396 1881 Theodelindae
2453 1812 2571 1906 jus
2642 1812 3127 1900 concedebant,

625 1943 704 2003 ut
752 1933 881 2000 sibi
931 1932 1249 2000 maritum
1315 1933 1720 2024 populoque
1771 1954 2011 2023 regem
2068 1930 2555 2000 denominaret.
2651 1934 2848 2018 Quae
2901 1942 3127 2001 tamen

622 2076 731 2121 res
779 2075 917 2121 non
968 2052 1138 2119 mira
1170 2052 1456 2141 videtur,
1511 2050 1885 2120 dummodo
1924 2063 2319 2144 reputamus
2340 2103 2360 2140 ,
2417 2052 2963 2121 'l'heodelindam
2997 2076 3131 2122 non

621 2176 843 2242 solum
893 2171 1167 2241 viduam
1220 2173 1444 2264 regis,
1516 2172 1641 2239 sed
1719 2171 2031 2264 reginam
2083 2194 2166 2240 ex
2218 2173 2511 2264 proprio
2585 2173 2925 2265 sanguinis
2965 2172 3130 2265 jure

621 2293 844 2362 fuisse.
898 2292 1287 2359 Nominavit
1338 2291 1821 2360 Theodelinda
1870 2287 2287 2381 Agilulfum,
2341 2293 2462 2382 qui
2512 2304 2753 2383 postea
2789 2294 2876 2361 ab
2910 2293 3130 2361 omni-

620 2413 750 2481 bus
782 2411 1258 2502 Langobardis
1314 2412 1430 2495 „in
1480 2433 1772 2501 regnum
1824 2411 2086 2477 levatus
2138 2414 2313 2495 est,“
2369 2410 2566 2480 Paul.
2620 2412 2809 2479 Diac.
2847 2413 2969 2498 111,
2990 2412 3113 2480 34.

622 2529 885 2600 Eadem
938 2528 1111 2596 ratio
1165 2529 1654 2598 observabatur
1708 2529 1778 2595 in
1832 2526 2327 2619 Gundiperga,
2382 2531 2525 2597 filia
2576 2529 3121 2617 Theodelindae‚

620 2650 728 2719 cui
794 2648 911 2741 jus
984 2647 1427 2733 succedendi,
1513 2649 1726 2717 fratre
1792 2650 2183 2719 Adaloaldo
2250 2660 2565 2736 mortuo,
2651 2654 3127 2744 competebat;

616 2768 1067 2838 transferebat
1120 2790 1199 2833 ea
1251 2769 1514 2860 regiam
1565 2779 1981 2859 potestatem
2018 2770 2090 2838 in
2123 2781 2490 2860 utrumque
2515 2772 2830 2839 maritum
2853 2774 3130 2839 Arioal-

617 2890 781 2958 dum
844 2897 914 2956 et
963 2886 1352 2954 Rotharim.
1404 2887 1778 2957 Rodualdo
1827 2913 1997 2983 rege
2048 2899 2342 2974 mortuo,
2396 2912 2549 2960 cum
2602 2912 2831 2958 omnes
2883 2890 3128 2959 Theo-

615 3001 934 3077 delindae
987 3005 1468 3075 descendentes
1539 3006 1814 3077 extincti
1885 3020 2139 3079 essent:
2210 3032 2504 3101 reguum
2558 3010 2647 3078 ad
2697 3009 3121 3102 Aripertum‚

615 3127 984 3198 wachonis
1036 3126 1216 3217 regis
1271 3139 1728 3219 pronepotem
1768 3129 2103 3219 pervenit,
2157 3129 2228 3195 in
2285 3128 2569 3220 ejusque
2620 3131 2796 3197 linea
2851 3153 3122 3198 reman-

612 3249 696 3316 sit
747 3270 966 3338 usque
1018 3245 1109 3313 ad
1161 3245 1564 3337 Aripertum
1607 3248 1703 3314 ΙΙ.
1777 3245 1954 3314 Cum
2006 3247 2424 3337 Ansprando
2474 3271 2651 3316 nova
2702 3250 2959 3323 familia
3010 3273 3126 3317 re-

613 3391 826 3458 gnum
902 3365 1159 3456 adepta
1211 3375 1351 3447 est,
1426 3366 1618 3456 cujus
1689 3388 1938 3432 nexum
2009 3388 2161 3432 cum
2218 3363 2580 3458 Lethingis
2633 3368 2931 3437 invenire
2982 3390 3120 3435 non

612 3509 993 3576 possumus.
1084 3485 1198 3551 Ab
1257 3483 1363 3552 his
1413 3484 1834 3575 temporibus
1876 3482 1992 3575 jus
2041 3484 2531 3555 hereditarium
2586 3489 2806 3578 magis
2860 3488 3113 3578 magis·

612 3628 750 3694 que
801 3602 1273 3694 postponitur,
1350 3603 1706 3693 omnisque
1754 3603 1827 3669 in
1879 3605 2410 3675 successionibus
2462 3607 2710 3696 regula
2762 3607 3114 3693 evanescit,

613 3724 795 3793 unde
844 3743 1135 3812 regnum
1186 3723 1410 3812 ipsum
1463 3745 1622 3790 mox
1672 3722 2146 3793 labefactatur.
2255 3768 2260 3769 ff

783 3840 1212 3933 Genealogia
1247 3864 1491 3933 regum
1542 3843 2167 3935 Langobardorum
2220 3841 2592 3911 accuratius
2644 3854 3011 3935 perspecta
3030 3833 3119 3931 ²³,

615 3985 863 4032 nexum
915 3960 1465 4051 propinquitatis,
1518 3985 1647 4054 per
1699 3965 1979 4054 longam
2030 3984 2277 4052 regum
2327 3961 2588 4049 seriem,
2641 3985 2681 4029 a
2730 3962 2961 4030 Letho
3003 3988 3123 4033 us-

612 4106 750 4173 que
775 4082 862 4149 ad
884 4079 1409 4171 Luitprandum,
1463 4083 1787 4174 persequi
1823 4083 2002 4150 licet.
2062 4082 2219 4166 Qua
2270 4103 2353 4148 ex
2408 4103 2485 4149 re
2535 4092 2855 4174 apparet,
2912 4085 3115 4153 etiam

612 4204 680 4271 in
731 4200 1355 4292 Langobardorum
1405 4203 1677 4294 populo
1728 4224 1972 4294 regum
2006 4201 2507 4286 successionem,
2563 4211 2640 4270 ut
2672 4203 2863 4294 apud
2886 4226 3117 4273 omnes

614 4323 1113 4391 Germanorum
1166 4332 1403 4414 gentes
1427 4373 1445 4409 ‚
1501 4331 1797 4411 utroque
1870 4319 2210 4412 principio
2263 4332 2331 4388 et
2381 4319 2798 4390 hereditario
2851 4333 2920 4392 et
2972 4326 3114 4393 ele-

501 4852 719 5032 h
