3530 5132
1601 190 1685 255 33

393 380 516 437 rat.
623 367 952 438 Laeditur
1006 368 1182 436 euim
1233 366 1370 435 hoe
1420 364 1822 436 succedendi
1875 366 2112 437 ordine
2189 369 2477 439 animus
2516 380 2890 464 paternus

393 486 559 579 ejus,
612 488 731 577 qui
785 487 1048 578 regiam
1099 496 1529 578 potestatem,
1585 507 1793 575 quam
1843 487 1993 579 ipse
2042 495 2249 573 tenet,
2300 489 2370 555 in
2419 489 2639 558 filium
2672 500 2889 559 trans·

390 606 572 674 ferre
623 605 1060 697 prohibetur.
1161 607 1407 673 Nonne
1479 604 1862 674 Hunerieus
1936 603 2008 672 in
2079 607 2420 698 populum
2472 631 2552 675 ae
2602 609 2891 701 propin-

391 747 566 815 quos
616 725 976 811 saeviebat,
1027 734 1105 793 ut
1156 746 1476 793 coronam
1524 724 1670 791 filio
1720 723 2157 814 relinqueret,
2209 749 2387 816 quae
2422 748 2504 793 ex
2546 726 2894 796 Genserici

392 842 868 911 constitutione
918 866 1054 911 non
1106 845 1251 912 filio
1304 841 1683 928 Hilderico,
1736 842 1859 911 sed
1908 843 2103 910 fratri
2127 842 2665 913 Guuthamundo
2708 868 2892 914 com-

391 960 728 1053 petebat?
848 963 1120 1048 Quanta
1171 962 1483 1055 pericula
1535 983 1619 1029 ex
1668 962 1807 1031 hoc
1856 971 2104 1031 conatu
2154 963 2485 1032 Hunerici
2532 964 2895 1057 illegitimo
3004 1042 3023 1062 ·

395 1080 484 1147 ad
535 1082 879 1172 populum
930 1081 1398 1151 Vautlalorum
1450 1079 2019 1167 redundaverint,
2069 1104 2283 1172 supra
2337 1083 2790 1174 exposuimus.

596 1199 817 1270 Unica
885 1199 1288 1269 succedendi
1356 1200 1531 1267 ratio
1585 1221 1670 1266 ex
1721 1201 1906 1268 omni
1981 1212 2180 1290 parte
2230 1200 2537 1292 perfecta
2590 1211 2689 1274 est
2729 1203 2897 1296 pri·

392 1319 906 1409 mogenitura‚
987 1343 1165 1409 quae
1236 1319 1725 1387 successionem
1776 1319 1847 1385 in
1895 1317 2232 1386 infinitum
2285 1317 2375 1386 de
2424 1330 2625 1411 patre
2678 1320 2766 1388 ad
2814 1322 2897 1389 fi-

392 1437 560 1504 lium
618 1439 1052 1529 praescribit,
1123 1447 1376 1506 certam
1428 1448 1838 1530 agnatorum
1888 1438 2130 1507 seriem
2183 1438 2524 1508 constituit
2574 1461 2698 1506 nec
2748 1462 2896 1508 um-

396 1579 602 1645 quam
652 1558 722 1622 in
770 1558 1030 1625 incerto
1081 1557 1406 1647 relinquit
1455 1556 1785 1624 heredem
1836 1556 2146 1648 legitime
2213 1567 2550 1626 vocatum.
2652 1558 2895 1627 Multis

392 1675 711 1765 periculis
763 1676 953 1743 factis
1005 1699 1082 1743 ac
1133 1677 1345 1769 longa
1395 1676 1825 1745 saeculorum
1882 1675 2309 1767 experientia
2375 1676 2648 1745 demum
2700 1678 2891 1745 fami-

391 1795 520 1861 liae
569 1795 859 1864 illustres
929 1795 1259 1887 optimam
1327 1795 1506 1863 hanc
1577 1794 1986 1864 succedendi
2060 1796 2392 1863 rationem
2445 1796 2892 1887 adoptabant,

389 1935 568 2001 quae
616 1936 794 1981 nuuc
842 1913 913 1980 in
969 1914 1280 1983 omnibus
1330 1915 1560 2007 regnis
1632 1935 1712 1988 ae
1779 1913 2279 2005 principatibus
2357 1915 2732 1983 firmissima
2801 1925 2897 1982 est

393 2028 818 2099 successionis
866 2035 1155 2099 norma.'
