3530 5132
1543 220 1621 284 211

334 400 530 459 dubae
576 398 886 473 imperium
934 397 1199 471 suscepit
1244 395 1730 468 AbderamanuS,
1798 396 2093 454 Abdallae
2153 416 2221 454 ex
2283 399 2634 456 Mahomede·
2706 400 2827 456 titio

333 504 556 561 nepos,
603 501 756 542 novo
804 480 1113 557 exemplo,
1182 484 1249 541 ut
1292 482 1351 538 in
1397 483 1745 538 Maurorum
1795 484 2040 557 imperio
2087 487 2332 558 nepotes
2384 486 2831 558 praeferrentur

332 572 468 629 titiis
515 571 585 644 (i.
613 589 665 629 e.
722 569 953 644 patruis
1016 567 1239 643 suis).“
1323 567 1685 624 Rodere’cus
1732 569 2094 625 Toledcmns
2157 569 2293 625 hist.
2359 571 2624 628 Arabum
2668 588 2717 626 c.
2767 576 2826 626 6.

336 659 643 715 Thucmus
684 655 890 711 histor.
918 652 983 709 L.
1006 658 1106 711 65.
1143 651 1219 709 de
1247 651 1537 709 Hamete:
1584 653 1845 728 „quippe
1873 655 2058 728 patris
2083 656 2436 711 testamento
2481 656 2559 713 ad
2581 672 2830 730 regnum

331 742 542 799 ordine
581 747 726 814 post
790 738 1004 795 fratres
1066 741 1347 809 vocatuS‚
1408 736 1660 796 exclusis
1705 739 1945 795 illorum
1991 739 2194 796 tiliiS.“
2261 742 2832 815 Hammer-Pmy-

333 828 521 899 stall,
566 824 990 882 celeberrimus
1037 826 1232 895 autor,
1278 824 1336 879 in
1383 825 1880 881 commentatione
1947 824 2090 899 „die
2133 826 2561 902 rechtmiissige
2596 826 2833 882 Thron-

334 912 493 989 solge
538 910 694 967 nach
760 909 1230 967 moslimischem
1273 909 1694 965 Staatsrecht“
1762 928 1821 984 p.
1870 914 1989 969 601
2040 909 2216 966 dicit:
2307 911 2462 980 „Die
2508 914 2702 968 ersten
2753 915 2831 966 14

336 997 586 1055 Sultane
653 994 878 1072 solgten
941 994 1069 1051 sich
1135 992 1244 1051 der
1307 994 1474 1050 Sohn
1535 993 1669 1051 dem
1717 995 1930 1066 Vater3
1995 995 2083 1052 als
2125 994 2273 1052 aber
2315 996 2470 1053 beim
2519 996 2686 1053 'l'ode
2728 995 2833 1050 des

338 1082 716 1140 vierzchnten
761 1079 859 1137 die
904 1079 1106 1137 Stihne
1151 1077 1268 1136 alle
1314 1078 1743 1155 minderiiihrig
1788 1099 2028 1151 waren,
2071 1080 2311 1138 wandte
2356 1082 2463 1138 der
2507 1082 2701 1137 Divan
2740 1080 2836 1135 die

343 1167 710 1243 Thronfolge
757 1164 890 1222 dem
936 1163 1184 1222 Oheime
1226 1162 1335 1220 der
1379 1165 1666 1234 Prinzen,
1711 1165 1974 1222 Mustat'a
2004 1167 2050 1226 Ι.
2098 1184 2188 1222 zu.
2285 1168 2417 1223 l'on
2462 1168 2671 1224 dieser
2701 1166 2835 1223 Zea

342 1272 428 1310 cm
474 1252 636 1309 blieb
680 1252 800 1308 ‹Ia-s·
843 1250 1147 1309 Seniorat
1190 1250 1310 1307 [Ias
1367 1250 1672 1325 reyelmle
1714 1251 1988 1324 Pre‘uce‘p
2024 1252 2170 1306 .‹ler
2219 1250 2621 1326 Thronsolye.
2715 1251 2840 1307 Der

345 1338 481 1395 dem
528 1337 839 1394 Seniorate
884 1353 992 1392 ror
1037 1335 1144 1392 der
1189 1333 1653 1391 unmittetbaren
1699 1335 2257 1411 Geschtechtst'olge
2304 1355 2435 1392 rom
2483 1337 2664 1392 vater
2708 1353 2836 1391 zum

342 1424 545 1480 Sohne
613 1422 1021 1498 cingeriiumte
1083 1420 1321 1496 Vorzug
1390 1422 1627 1476 stammt
1689 1439 1803 1477 aus
1870 1421 2319 1497 mongolischen
2363 1420 2662 1497 Begritl'en
2710 1421 2835 1475 her.

341 1540 429 1553 —
471 1539 555 1551 -—
600 1540 677 1551 -
727 1507 824 1563 die
868 1504 1276 1582 mongolische
1320 1505 1763 1581 Hochachtung
1823 1506 1917 1563 t'iir
1962 1506 2068 1564 das
2115 1507 2394 1562 Seniorat
2437 1508 2580 1582 ging
2622 1507 2724 1561 mit
2771 1522 2837 1561 so

344 1592 537 1650 vielen
583 1592 808 1648 andern
856 1592 1109 1647 Formen
1154 1591 1592 1666 mongolischer
1637 1580 2297 1667 Staz'ttseinrichtungen
2345 1592 2400 1647 in
2439 1592 2535 1647 «tie
2580 1591 2686 1647 der
2728 1592 2839 1646 Os-

345 1697 561 1735 manen
622 1677 838 1734 iiber.“
967 1676 1060 1732 De
1117 1676 1422 1732 senioratu
1484 1678 1543 1733 in
1609 1676 1785 1732 domo
1852 1678 2269 1753 Tchingiscani
2332 1676 2449 1732 vid.
2516 1677 2841 1734 Hammer-

347 1763 686 1838 Pur-qual!
732 1761 937 1819 eodem
984 1761 1137 1817 loco.
1189 1791 1267 1804 -
1327 1762 1509 1819 Teste
1574 1764 1976 1832 Prescottw,
2037 1762 2422 1819 celeberrimo
2485 1761 2840 1818 Americano

348 1850 662 1923 scriptore,
709 1848 769 1903 in
817 1848 1062 1921 imperio
1110 1846 1466 1903 Aztecorum
1512 1846 1727 1905 fratres
1792 1848 2171 1923 imperatoris
2234 1847 2495 1903 defuncti
2544 1846 2843 1921 praesere-

350 1935 568 1990 bantur
612 1932 742 2008 ejus
790 1931 946 2003 filiis,
1036 1932 1287 2003 History
1351 1931 1419 1987 of
1471 1933 1571 1988 the
1617 1935 1912 2005 conquest
1958 1932 2025 1988 of
2060 1933 2312 2002 mesico,
2360 1931 2487 1987 Vol.
2537 1932 2585 2003 Ι,
2635 1951 2689 2005 p.
2747 1937 2844 1998 16,

349 2038 466 2076 non
512 2021 711 2075 autem
775 2018 834 2072 in
900 2033 1085 2092 regno
1144 2015 1307 2072 Peru
1371 2015 1469 2090 (ut
1536 2019 1775 2074 Aoos-ta
1835 2019 2027 2075 natur.
2078 2020 2136 2075 et
2182 2017 2390 2073 moral.
2436 2016 2573 2072 hist.
2625 2017 2690 2072 L.
2741 2016 2844 2085 vl,

351 2123 402 2161 c.
456 2110 535 2162 12
580 2103 949 2177 obtinuerat)
1011 2100 1118 2158 sed
1163 2100 1242 2156 ibi
1289 2102 1570 2158 continua
1614 2102 1688 2158 de
1757 2106 1935 2177 patre
1980 2101 2058 2159 ad
2101 2101 2288 2159 filium
2331 2102 2651 2159 successio.
2733 2101 2846 2157 lli-

352 2193 517 2261 story
563 2188 629 2245 of
666 2188 767 2245 the
811 2189 1102 2261 conquest
1145 2185 1211 2241 of
1245 2185 1407 2244 Peru
1450 2185 1501 2257 1,
1548 2205 1604 2262 p.
1659 2194 1755 2245 16.

525 2295 628 2349 75.
676 2288 1166 2365 Postgenitorum
1210 2286 1478 2344 conditio
1524 2289 1861 2346 accuratius
1908 2293 1996 2346 est
2020 2287 2314 2362 explicata
2360 2289 2417 2344 in
2461 2286 2616 2344 libro
2655 2286 2850 2343 Recht

355 2375 464 2433 der
505 2373 863 2452 Erstgeburt
909 2392 966 2447 p.
1015 2376 1138 2431 177
1193 2391 1362 2446 seqq.
1426 2373 1481 2451 §.
1548 2379 1630 2432 29
1689 2374 1817 2449 (die
1879 2373 2157 2450 Stellung
2225 2372 2332 2430 der
2391 2371 2851 2449 nachgebornen

357 2461 608 2535 Herrn).
701 2458 1051 2516 Ostenditur
1096 2458 1210 2529 ibi,
1278 2458 1455 2515 etiam
1525 2460 1726 2535 agnita
1783 2462 2189 2533 principatus
2248 2457 2551 2516 individua
2617 2461 2852 2522 natura,

357 2550 556 2604 tamen
596 2545 1080 2620 pa!1·1'mom‘ales
1124 2543 1340 2602 fundos
1387 2562 1579 2620 aeque
1639 2546 1793 2603 inter
1859 2544 2074 2604 fratres
2137 2545 2393 2621 partitos
2442 2547 2493 2600 et
2546 2545 2624 2601 ita
2674 2544 2851 2600 etiam

356 2630 684 2689 minoribus
729 2633 1110 2705 prospectum
1158 2649 1307 2688 esse.

532 2737 635 2790 76.
683 2732 888 2789 Victor
931 2731 1190 2790 vitensis
1239 2731 1312 2789 de
1358 2749 1592 2806 persec.
1639 2732 1889 2790 Vandal.
1940 2732 1989 2805 Ι,
2018 2751 2150 2810 cap.
2181 2739 2297 2791 14:
2344 2733 2638 2804 „advocat
2671 2750 2855 2804 quen·

363 2818 501 2877 dam
545 2815 804 2875 Felicem
844 2825 1324 2891 procuratorem
1357 2819 1578 2875 domus
1618 2818 1744 2894 filii
1786 2821 2021 2894 reqiS.“
2066 2820 2251 2894 „Ipse
2298 2821 2451 2875 euim
2499 2817 2860 2874 (lensericus

365 2906 800 2980 praeceperat,
865 2905 931 2958 ut
975 2903 1129 2958 intra
1175 2901 1371 2959 aulam
1418 2920 1583 2959 suam
1627 2903 2029 2979 filiorumque
2071 2921 2328 2959 suornm
2376 2904 2605 2959 nonnisi
2652 2900 2858 2957 Ariani

366 3008 473 3065 per
517 2986 753 3045 diversa
800 2988 1125 3043 ministeria
1172 2989 1559 3062 ponerentur.
1610 3025 1624 3041 .
1676 3027 1694 3041 .
1740 2992 1806 3041 ,⁶⁶
1875 3005 2009 3062 cap.
2061 2994 2174 3045 16:
2236 2986 2388 3058 „suit
2433 2987 2529 3043 hic
2572 3004 2861 3060 procura-

366 3078 463 3131 tor
520 3072 728 3130 domus
771 3071 1129 3129 Hunerici.“

538 3164 639 3216 77.
683 3158 859 3215 Proc.
933 3157 1008 3213 de
1069 3156 1225 3213 bello
1287 3155 1478 3212 Vand.
1525 3154 1577 3227 1,
1621 3174 1759 3230 cap.
1810 3161 1868 3213 8.
1945 3154 2148 3214 Victor
2210 3155 2463 3213 Vitensis
2509 3155 2582 3212 de
2628 3172 2859 3229 persec.

368 3241 558 3300 Vand.
604 3243 686 3314 ΙΙ,
728 3260 862 3317 cap.
917 3248 986 3299 1:
1033 3243 1331 3313 „Hlorlno
1378 3242 1573 3316 igilur
1623 3242 1974 3299 Gens-erico
2019 3242 2388 3300 Hnnericus
2433 3240 2637 3314 major
2692 3240 2866 3315 lilius

368 3328 546 3402 patri
584 3328 933 3384 succedit.“
1021 3326 1191 3385 Jorn.
1241 3326 1315 3384 de
1360 3325 1541 3383 rebus
1590 3325 1726 3384 Get.
1775 3345 1912 3402 cap.
1959 3332 2076 3385 332
2122 3327 2430 3400 „Primum
2478 3326 2865 3383 Gensericus.

375 3414 477 3487 qui
524 3415 695 3486 pater
740 3414 799 3469 et
843 3411 1152 3485 dominus,
1198 3430 1458 3485 sequens
1504 3412 1843 3472 Hunericus
1894 3415 2051 3469 etc.“

545 3519 647 3571 78.
696 3511 878 3589 Apud
937 3514 1215 3586 antiquos
1262 3513 1592 3571 Germanos
1639 3514 1979 3573 sacerdotes
2025 3533 2133 3590 pro
2179 3512 2530 3571 custodibus
2587 3512 2766 3570 divini
2814 3517 2871 3567 et

378 3598 617 3657 humani
655 3598 811 3674 juris
856 3598 1271 3668 habebantur,
1339 3598 1499 3655 unde
1566 3601 1744 3657 etiam
1814 3599 2045 3657 &carte
2105 3599 2581 3657 nominabantur.
2667 3598 2873 3656 Jacob

384 3681 644 3754 Grimm,
692 3682 983 3741 deutsche
1026 3681 1395 3760 Mythologie
1440 3703 1501 3758 p.
1529 3690 1648 3742 59:
1718 3682 1921 3757 „ewa,
1967 3682 2037 3742 &a
2100 3685 2441 3743 bezeichnet
2504 3684 2666 3741 nicht
2710 3684 2873 3740 bloss

380 3770 489 3826 das
537 3768 867 3841 weltliche,
928 3768 1189 3826 sondern
1248 3768 1404 3825 auch
1473 3768 1580 3824 das
1641 3769 1928 3846 giittliche
1975 3760 2206 3848 gesetz,
2275 3770 2370 3828 die
2429 3770 2636 3827 sriiher
2682 3788 2875 3844 genau

383 3852 729 3911 verbunden
772 3853 897 3912 und
941 3854 1135 3931 gleich
1181 3853 1366 3929 heilig
1405 3872 1648 3926 waren,
1712 3853 1938 3928 ewart‚
1982 3855 2205 3914 &owart
2270 3856 2397 3914 also
2457 3856 2571 3914 den
2631 3855 2876 3930 psseger,

384 3939 560 3996 hiiter
604 3939 709 3997 des
755 3943 1060 4016 gesetzeS,
1121 3939 1236 3996 den
1284 3929 1616 4022 νομικός.“
1674 3940 1954 3996 Fortasse
2003 3943 2177 3999 etiam
2224 3942 2583 3999 christianus
2624 3940 2879 3996 Ariano-

382 4043 512 4082 rum
560 4024 785 4097 clerus,
832 4026 934 4098 qni
981 4024 1148 4084 cultu
1191 4041 1262 4080 ac
1305 4043 1415 4084 usu
1463 4024 1703 4100 linguae
1746 4025 2110 4084 vernaculae
2154 4026 2409 4084 indolem
2456 4025 2714 4083 habebat
2759 4028 2880 4080 tam

381 4109 756 4185 popularem,
805 4130 874 4167 ex
920 4113 1092 4185 parte
1137 4110 1343 4167 eodem
1388 4109 1586 4166 officio
1632 4109 1994 4186 fungebatur
2038 4112 2097 4167 in
2143 4111 2612 4169 institutionibus
2642 4128 2713 4166 ac
2759 4127 2883 4164 mo-

381 4194 546 4251 ribus
592 4196 796 4270 patriis
824 4195 1230 4254 defendendiS.

557 4286 659 4338 79.
710 4279 996 4352 Gelimer,
1040 4282 1182 4354 quia
1227 4289 1449 4339 contra
1495 4279 1688 4359 legem
1735 4282 2088 4355 potestatem
2131 4299 2418 4338 summam
2463 4281 2886 4356 usurpaverat,

387 4366 567 4424 etiam
609 4365 682 4422 ab
728 4363 961 4424 Isidoro
1008 4383 1124 4422 non
1170 4367 1366 4444 regis,
1434 4366 1540 4425 sed
1605 4367 1866 4442 tyranni
1923 4367 2159 4425 nomine
2217 4366 2564 4444 insignitur:
2658 4364 2889 4439 „Quem
