3530 5132
1555 195 1636 262 29

360 375 903 471 cognoscendam
929 375 1277 444 Genserici
1327 375 1553 467 legem
1607 372 2103 457 successoriam,
2156 370 2345 462 cujus
2399 369 2851 441 defensionem

366 502 744 589 imperator
798 493 1306 584 quodammodo
1355 494 1426 561 in
1476 515 1549 561 se
1596 501 1998 581 susceperat.

565 614 773 700 Quod
825 613 894 680 in
945 613 1079 681 his.
1106 612 1345 680 litteris
1394 611 1482 678 ad
1535 633 1684 678 eam
1735 611 1807 676 in
1857 632 2063 701 quam
2111 608 2510 699 inquirimus
2560 629 2855 676 caussam

367 734 652 819 adtinet,
706 732 1007 800 breviter
1058 721 1608 821 complectimur:

575 850 655 940 1)
711 849 1056 918 Genserici
1109 849 1484 940 dispositio,
1539 848 1608 916 in
1660 846 2041 916 testamenti
2072 846 2294 913 forma
2345 844 2601 931 relicta,
2655 844 2863 922 etiam

368 970 456 1036 ab
521 968 898 1037 Justiniano
952 992 1084 1058 pro
1158 971 1329 1061 lege
1357 965 1922 1061 fundamentali
1989 965 2187 1056 regni
2238 962 2589 1031 Vandalici
2635 960 2859 1031 habe-

367 1100 500 1156 tur.
555 1086 942 1155 Secundum
992 1087 1171 1156 hanc
1219 1087 1430 1156 solam
1487 1086 1716 1177 legem
1765 1083 2094 1153 successio
2144 1083 2213 1148 in
2262 1105 2552 1173 regnum
2604 1079 2859 1173 dijudi-

368 1204 577 1273 canda
632 1216 753 1273 est.
841 1208 1034 1274 Haec
1086 1206 1471 1275 constitutio
1522 1226 1659 1272 uno
1729 1203 2029 1270 omnium
2104 1222 2425 1268 consensu
2474 1211 2614 1268 tam
2663 1201 2861 1269 firme

372 1325 603 1417 agnita
657 1335 772 1409 est,
825 1335 903 1393 ut
953 1326 1093 1414 ipse
1144 1326 1463 1415 princeps
1516 1310 1869 1391 extraneus
1904 1343 2073 1407 eam,
2125 1330 2475 1408 tamquam
2506 1319 2712 1388 totius
2751 1341 2859 1386 re-

371 1444 489 1536 gni
543 1443 1074 1529 fundamentum,
1137 1445 1314 1511 bene
1363 1442 1649 1511 noverit.

573 1561 658 1651 2)
715 1562 854 1648 Qui
908 1572 1176 1631 contra
1228 1562 1404 1629 hanc
1454 1562 1682 1653 legem
1735 1567 2142 1652 potestatem
2194 1557 2321 1625 sibi
2373 1566 2672 1648 arrogat,
2726 1577 2870 1623 non

373 1702 505 1770 pro
559 1703 724 1747 vero
777 1704 982 1772 rege,
1055 1681 1178 1748 sed
1232 1703 1364 1771 pro
1415 1686 1869 1772 usurpatore
1918 1700 2038 1747 seu
2107 1687 2395 1767 tyranno
2448 1687 2547 1743 est
2596 1675 2862 1758 haben-

369 1798 536 1867 dus:
591 1802 765 1889 ,βίᾳ
803 1798 921 1890 τὴν
977 1800 1196 1894 ἀρχὴν
1243 1795 1748 1893 ἀφαιρούμενος
1811 1796 1962 1885 ἐξὸν
2021 1790 2475 1887 αὖτῆν---
2528 1793 2708 1862 κατὰ
2753 1791 2882 1861 vd-

375 1943 496 2008 μου
538 1917 774 1999 λαβεῖν
801 1955 892 1967 —-
914 1957 1016 1969 —-
1053 1920 1218 2011 μηδὲ
1262 1921 1384 1985 τοῦ
1437 1922 1487 1999 ,Β
1511 1946 1551 1983 α
1575 1942 1611 1984 σ
1636 1946 1652 1983 ι
1677 1918 1719 1982 λ
1740 1918 1768 1984 ἑ
1792 1945 1840 1983 ευ
1869 1943 1905 1989 ς
1944 1913 2282 2008 ὀνόματος
2314 1909 2713 2003 ἂνταλλὰξη
2744 1911 2864 2001 τὴν

374 2037 497 2101 τοῦ
537 2032 984 2126 τυράννου
1020 2037 1546 2126 προσηγορίαν(
1601 2032 1740 2117 Qui
1789 2031 1967 2098 hanc
2016 2031 2244 2121 legem
2298 2028 2560 2111 evertit,
2603 2026 2719 2118 jus
2754 2027 2872 2095 di-.

376 2150 603 2216 vinum
661 2160 869 2239 atque
919 2149 1292 2219 humanum
1323 2149 1533 2218 laedit
1585 2142 1817 2239 (,,οὖχ
1856 2146 2008 2217 ὅσια
2038 2147 2361 2236 ποιεῖς-64),
2417 2146 2578 2237 quia
2612 2146 2728 2237 pia
2752 2168 2864 2213 re·-

379 2267 679 2335 verentia
729 2268 1166 2358 proauctorisv
1208 2268 1590 2362 praeceptis
1641 2266 1957 2334 debetur.

585 2385 670 2475 3)
724 2386 934 2470 Quod
985 2387 1242 2455 adtinet
1291 2388 1379 2455 ad
1411 2385 1546 2479 jus
1595 2382 2016 2471 succedendi,
2068 2383 2267 2451 heres
2317 2383 2514 2475 regni
2572 2382 2659 2451 ad
2710 2407 2864 2452 suc-

375 2505 738 2573 cessionem
805 2516 1087 2574 vocatur
1144 2527 1228 2573 ex
1279 2519 1484 2597 pacto
1556 2515 1624 2574 et
1693 2502 2120 2596 providentia
2189 2499 2527 2591 majorum
2580 2503 2628 2572 i.
2667 2525 2728 2573 e.
2781 2523 2865 2571 ex

374 2623 720 2691 Genserici
770 2625 1128 2705 beneficio.
1179 2626 1336 2693 Non
1387 2625 1475 2692 ab
1528 2623 1770 2695 ultimo
1806 2622 2149 2706 defuncto,
2202 2621 2321 2689 sed
2353 2621 2439 2688 ab
2476 2621 2864 2709 Genserico,

379 2742 731 2809 conditore
781 2765 861 2810 ac
914 2744 1141 2834 primo
1194 2743 1604 2833 acquirente,
1658 2741 2003 2808 derivatur
2040 2739 2379 2833 omnejus
2430 2740 2865 2809 succedendi:

378 2863 812 2955 ,,προσδέχου
854 2859 987 2931 ἀπὸ
1037 2865 1160 2931 τοῦ
1198 2865 1571 2956 Γιζερίχρυ
1609 2859 1818 2955 νόμου
1856 2859 2251 2942 λαβεῖν....“

581 2977 668 3068 4)
723 2976 935 3061 Quod
986 2977 1239 3045 adtinet
1289 2978 1378 3044 ad
1431 2978 1762 3045 ordinem
1814 2974 2234 3059 succedendi,
2295 2976 2494 3043 etiam
2546 2977 2865 3047 Justinia·

381 3117 501 3162 nus
552 3094 622 3160 in
674 3093 1023 3161 Genserici
1101 3094 1574 3163 constitutione
1640 3091 2095 3162 senioratum
2162 3093 2660 3185 praescriptum
2728 3115 2868 3163 esse

380 3221 623 3280 censet.
673 3213 850 3278 Nam
900 3234 982 3280 ex
1033 3213 1461 3304 imperatoris
1510 3211 1836 3282 sententia
1884 3233 2110 3299 neque
2159 3211 2376 3279 lineae
2429 3233 2652 3301 neque
2701 3235 2869 3305 gra-

380 3330 543 3416 dus,
613 3329 731 3397 sed
782 3331 996 3398 solum
1051 3333 1319 3402 aetatis
1370 3333 1544 3402 ratio
1596 3330 1914 3401 habenda
1967 3339 2103 3416 est,
2157 3352 2293 3421 qua
2344 3329 2623 3420 quidem
2672 3331 2744 3398 in
2793 3354 2869 3399 re

385 3460 624 3518 natura
675 3449 1046 3518 senioratus
1099 3452 1414 3521 consistit.
1471 3452 1865 3544 ‚,Expecta,
1920 3448 2246 3517 Gelimeri
2298 3449 2530 3517 scribit
2577 3450 2869 3542 impera·

379 3581 512 3654 tor,
567 3568 731 3636 dum
783 3570 1055 3638 aetatis
1109 3569 1482 3666 beneficio,
1540 3572 1730 3660 quod
1783 3594 1991 3641 unum
2031 3567 2155 3637 tibi
2191 3568 2398 3654 deest,
2450 3568 2715 3660 regium
2752 3591 2872 3637 no·

382 3710 535 3757 men
588 3687 915 3779 accipias:
969 3691 1405 3782 ,,προσδὲχου
1447 3687 1577 3757 ἀπὸ
1615 3693 1736 3758 τοῦ
1776 3688 2115 3783 χρόνου.“

586 3805 761 3874 Cum
812 3806 947 3875 hae
996 3808 1263 3877 litterae
1335 3805 1746 3874 Gelimerem
1800 3829 1934 3874 non
2002 3815 2391 3890 moverent,
2461 3804 2874 3874 Justinianus

383 3948 535 3993 eum
577 3923 727 4016 jam
780 3926 995 3994 acrius
1047 3925 1458 4015 perstrinxit,
1511 3933 1588 3993 ut
1646 3924 2030 4016 legitimum
2080 3928 2326 4017 regem
2368 3924 2437 3991 in
2487 3926 2873 3992 libertatem

385 4043 787 4138 restitueret,
844 4067 1051 4134 quem
1101 4045 1172 4111 in
1223 4045 1503 4113 vinculis
1554 4044 1852 4112 tenebat.
1908 4046 2097 4130 „Nec
2134 4043 2328 4111 nobis
2361 4042 2680 4125 obstabit,
2714 4039 2872 4110 scri·

388 4161 494 4229 bit
544 4162 942 4253 imperator,
999 4185 1138 4255 pax
1189 4186 1342 4232 cnm
1396 4163 1762 4232 Genserico
1817 4162 2193 4254 composita
2219 4212 2237 4246 ,
2293 4183 2446 4228 nam
2497 4158 2643 4250 ejus
2695 4158 2872 4250 legi-

386 4279 555 4348 timo
607 4282 967 4350 successori
1019 4304 1154 4350 non
1204 4282 1564 4352 inferemus
1604 4283 1901 4370 bellum,
1971 4279 2091 4352 sed
2123 4280 2379 4349 illatam
2415 4276 2731 4370 injuriam
2768 4277 2873 4345 ul-

381 4400 785 4470 ciscemur.“
