3530 5132
1873 153 1953 217 18

670 336 780 402 lus
834 337 1062 426 igitur,
1120 333 1285 420 „qui
1345 330 1617 422 generis
1672 328 2025 397 masculini
2077 327 2165 394 ad
2201 327 2638 397 Gensericum
2667 331 2892 418 ipsum
2928 334 3162 421 quoad

669 455 950 545 stirpem
1003 452 1380 540 pertinet“,
1456 473 1665 537 capax
1718 461 1829 516 est
1900 448 2376 516 successioniS.
2443 448 2635 516 Jure
2707 451 3162 518 successionis

668 575 761 642 ita
818 571 1347 658 circumscripto,
1399 569 1848 657 sequentibus
1903 567 2132 634 verbis
2186 568 2376 635 ordo
2429 568 2839 636 succedendi
2906 572 3160 639 consti-

666 693 919 762 tuitur:
976 696 1292 783 „vestit-os·
1338 685 1425 755 ὢν
1485 686 1800 755 ἁπάντων
1838 692 1973 756 τῶν
2028 680 2249 756 αὐτοῦ
2314 685 2662 775 ξυγγενῶν
2718 687 2838 780 τὴν
2895 689 3159 780 ἡλικίαν

670 805 958 897 τύχοι.“
1012 809 1121 874 Ex
1175 806 1504 875 omnibus
1556 805 1771 897 igitur
1822 805 2168 889 masculis,
2225 804 2341 892 qui
2396 827 2480 872 ex
2512 805 2862 873 Genserici
2909 829 3164 898 genere

667 925 1107 1010 descendunt,
1162 927 1221 991 is
1277 929 1470 994 solus
1520 924 1654 991 hac
1705 926 1866 1016 lege
1915 933 2196 992 vocatur
2247 923 2334 989 ad
2385 946 2716 1016 regnum,
2771 926 2890 1016 qui
2943 934 3162 993 aetate

665 1046 924 1133 primus
978 1054 1108 1130 est,
1166 1051 1490 1142 „affectares
1538 1043 1653 1133 τὴν
1710 1042 1973 1133 ἡλικίαν
2033 1037 2323 1131 τύχον*
2401 1044 2646 1131 Neque
2714 1043 2891 1111 linea
2941 1066 3164 1132 neque

664 1164 925 1255 gradus
979 1164 1093 1230 hic
1142 1163 1539 1254 respicitur,
1593 1160 1719 1229 sed
1772 1161 1997 1228 solum
2045 1171 2259 1228 aetas.
2329 1159 2406 1227 Si
2445 1161 2712 1252 plures
2763 1162 2973 1253 igitur
3036 1185 3158 1230 ne·-

664 1293 863 1371 potes
917 1283 1103 1373 regis
1165 1281 1466 1349 defuncti
1517 1303 1602 1347 ex
1651 1279 1967 1367 pluribus
2020 1279 2180 1345 filiis
2237 1278 2526 1363 adsunt,
2595 1302 2728 1348 non
2785 1282 3155 1370 quaeritur,

664 1403 783 1491 qui
836 1423 919 1468 ex
970 1401 1115 1468 filio
1167 1398 1429 1490 majore
1479 1398 1872 1484 descendit,
1942 1397 2071 1464 sed
2121 1398 2324 1465 etiam
2377 1420 2460 1465 ex
2512 1399 2787 1466 minimo
2840 1400 2984 1467 filio
3036 1422 3155 1466 ne·

664 1543 792 1608 pos
844 1519 1072 1587 vocari
1124 1529 1374 1607 potest,
1429 1520 1490 1585 si
1542 1540 1779 1586 omnes
1832 1517 2007 1584 alios
2060 1528 2344 1605 nepotes
2380 1519 2573 1585 annis
2629 1528 2931 1607 superat.
3007 1519 3159 1585 Hac

654 1639 751 1705 de
802 1660 1046 1705 caussa
1105 1636 1355 1705 Victor
1416 1636 1724 1704 Vitensis
1793 1636 2190 1725 episcopus,
2258 1638 2712 1728 gravissimus
2783 1646 3019 1705 auctor
3088 1637 3156 1701 in

660 1756 980 1824 omnibus
1039 1756 1242 1823 rebus
1301 1754 1720 1840 Vandalicis,
1776 1755 1843 1821 in
1896 1777 2104 1844 opere
2154 1755 2245 1823 de
2295 1757 2763 1845 persecutione
2815 1754 3153 1821 vandalo-

660 1896 811 1942 rum
836 1874 1038 1942 L.11.
1064 1869 1140 1969 δ.
1165 1873 1235 1959 5,
1288 1873 1581 1942 vindicat
1632 1874 1863 1962 nepoti
1916 1874 2115 1941 alicui
2167 1873 2510 1942 Genserici
2561 1897 2645 1941 ex
2676 1871 2965 1964 juniori
2998 1870 3151 1964 ejus

658 1994 826 2077 filio,
881 1993 1406 2076 successionem,
1470 2014 1884 2082 quamquam
1937 2014 2019 2059 ex
2070 1992 2441 2078 Hunerico‚
2485 1992 2775 2059 maximo
2803 1990 3150 2059 Genserici

658 2112 828 2196 filio,
881 2111 1116 2179 aderat
1167 2136 1381 2199 nepos
1435 2112 1852 2195 Hildericus‚
1906 2111 2018 2177 his
2072 2111 2341 2179 verbis:

862 2228 1261 2317 „Occiditur
1314 2231 1428 2296 ille
1481 2230 1664 2297 {ilius
1720 2229 2197 2318 (Theoderici,
2240 2230 2545 2315 junioris
2602 2230 2727 2296 filii
2752 2228 3154 2317 Genserici),

658 2335 787 2415 cui
810 2350 1201 2418 secundum
1231 2348 1809 2416 constitutionem
1841 2346 2239 2430 Genserici,
2297 2370 2379 2413 eo
2414 2349 2615 2438 quod
2647 2343 2894 2434 major
2923 2346 3150 2412 onmi-

659 2466 792 2532 bus
844 2474 1052 2548 esset,
1108 2487 1425 2554 regnum
1477 2465 1667 2528 inter
1718 2471 2019 2554 nepotes
2061 2462 2522 2554 potissimum
2577 2460 3062 2530 debebatur.“

858 2583 1307 2669 Praeceperat
1360 2581 1790 2665 GensericuS,
1845 2590 1920 2649 ut
1956 2604 2223 2670 semper
2264 2582 2447 2671 quie
2484 2582 2630 2650 suis
2674 2583 2967 2671 posteris
3010 2581 3154 2670 pri-

656 2724 808 2768 mus
861 2701 1158 2768 omnium
1219 2714 1408 2769 esset
1476 2711 1736 2785 aetate,
1815 2723 2101 2792 regnum
2154 2702 2528 2785 obtineret,
2602 2703 2896 2770 exclusis
2949 2703 3151 2770 etiam

656 2826 832 2905 ejus,
886 2819 1004 2906 qui
1056 2831 1251 2885 antea
1301 2819 1755 2910 regnavisset,
1811 2820 2111 2904 filiiS‚4si
2161 2820 2430 2909 aliquos
2476 2819 2811 2887 haberent
2861 2831 3149 2911 agnatos

655 2939 984 3006 seniores.
1088 2938 1330 3027 Neque
1381 2939 1794 3008 contrarium
1847 2939 2109 3029 aliquid
2160 2938 2649 3025 conjiciendum
2705 2951 2812 3006 est
2864 2960 2948 3005 ex
2985 2937 3150 3004 Jor-

655 3057 894 3126 nandis
946 3056 1216 3124 verbis:
1849 3070 1858 3073 ’

859 3175 1384 3265 „(Gensericus)
1438 3188 1593 3244 ante
1648 3178 1912 3247 obitum
1965 3200 2166 3245 suum
2219 3177 2513 3244 filiorum
2566 3197 2811 3266 agmen
2867 3176 3152 3243 accitum

657 3296 1025 3377 ordinavit,
1095 3318 1181 3362 ne
1231 3295 1404 3364 inter
1471 3296 1661 3384 ipsos
1713 3295 1803 3362 de
1853 3295 2049 3385 regni
2119 3295 2483 3363 ambitione
2552 3306 2740 3361 esset
2792 3293 3146 3375 dissensio,

659 3417 793 3483 sed
844 3414 1105 3482 ordine
1155 3415 1455 3506 quisque
1506 3423 1575 3482 et
1624 3413 1890 3505 gradu
1940 3433 2114 3494 suo,
2193 3412 2317 3503 qui
2387 3413 2555 3481 aliis
2620 3413 3147 3505 superviveret,

658 3533 740 3600 id
790 3543 897 3602 est
948 3533 1220 3603 seniori
1269 3555 1401 3602 suo
1430 3533 1671 3628 fieret
1720 3554 2025 3624 sequens
2075 3552 2456 3600 successor
2509 3539 2581 3600 et
2615 3552 2879 3598 rursus
2918 3529 2983 3596 ei
3010 3548 3146 3620 po-

655 3650 928 3719 sterior
982 3648 1210 3742 ejus.“
1262 3651 1458 3719 «loru.
1514 3651 1603 3719 de
1652 3652 1801 3719 reb.
1856 3651 2020 3719 Get.
2075 3673 2221 3739 cap.
2266 3649 2388 3718 33.
3137 3650 3140 3651 ⁷

726 3856 731 3857 ἶ
858 3770 1077 3836 Nemo
1129 3771 1195 3835 in
1263 3770 1378 3835 his
1447 3771 1675 3839 verbis
1743 3770 2318 3862 primogeniturae
2385 3765 2780 3854 principium
2849 3763 3147 3832 invenire

654 3898 919 3976 potest,
992 3887 1398 3957 monendum
1476 3900 1695 3958 autem
1752 3901 1897 3965 est.
1974 3912 2059 3957 ne
2110 3888 2265 3978 quis
2319 3885 2667 3972 opinetur,
2747 3889 3147 3970 majoratum

653 4007 991 4075 hodierno
1048 4030 1256 4075 sensu
1310 4020 1743 4098 praeceptum
1800 4031 1956 4077 esse
2010 4031 2049 4073 a
2101 4004 2493 4088 Genserico,
2551 4004 2710 4092 quia
2759 4002 3146 4070 «lornandes

653 4125 798 4211 „de
844 4127 1164 4219 gradu“
1221 4128 1546 4218 loquitur.
1632 4131 1788 4196 Non
1840 4127 2019 4196 enim
2070 4125 2281 4193 utitur
2332 4133 2530 4191 autor
2581 4121 2712 4189 hac
2763 4144 2931 4190 voce
2984 4121 3147 4189 stri-

653 4255 766 4313 cto
818 4246 996 4333 juris
1073 4268 1277 4313 sensu
1303 4300 1319 4329 ,
1395 4247 1521 4315 sed
1589 4272 1798 4316 sensu
1876 4244 2260 4334 prolixiori,
2331 4264 2472 4332 quo
2539 4242 2672 4310 hac
2738 4264 2905 4310 voce
2956 4239 3143 4321 nihil,
