3530 5132
1834 181 1919 247 38

1716 263 2022 280 *fimo-⁴-

807 368 906 420 51.
955 361 1216 435 Prosper
1259 358 1581 416 chronicon
1627 376 1683 432 p.
1734 363 1894 415 6662
1954 355 2149 427 „Cum
2211 353 2541 414 Genserico
2601 359 2800 415 autem
2867 356 2942 414 ab
3007 357 3139 415 Au·

632 449 807 525 gusto
855 445 1266 503 Valentiniano
1312 462 1424 519 pax
1457 442 1807 501 confirmata
1851 444 1910 499 et
1949 444 2142 500 certis
2176 444 2408 515 spatii-s·
2425 441 2654 518 Africa
2700 445 2869 501 inter
2896 450 3138 500 ulrum-

634 551 755 609 que
796 534 1002 589 ‹le've‘sa
1050 533 1209 589 θεῖά(
2642 547 2647 551 ·

803 639 903 691 52.
953 633 1047 692 De
1111 630 1495 688 divisionibus
1563 648 1842 706 agrorum
1904 629 2126 704 optime
2190 629 2314 706 agit
2391 628 2709 687 Ernesius
2772 629 3141 688 Theodorus

640 719 872 793 Gaupp
917 718 978 774 in
1022 716 1361 775 doctissimo
1405 714 1593 773 libro:
1639 713 1755 772 Die
1798 712 2246 791 germanischen
2270 712 2722 791 Ansicdlungen
2767 713 2893 771 und
2939 713 3140 771 Land-

631 803 1001 880 theilungen,
1048 808 1235 862 1844.
1325 800 1419 858 De
1465 799 1743 856 Vandalis
1789 801 1911 876 agit
1954 818 2013 874 p.
2058 805 2420 857 441—454.

804 910 904 963 53.
952 904 1157 960 Victor
1203 900 1277 959 de
1320 920 1551 977 persec.
1597 901 1784 962 vand.
1829 900 1880 972 1,
1926 907 1998 959 4:
2043 909 2230 975 „post
2275 900 2463 976 cnjus
2494 898 2949 977 (Valentiniani)
2972 919 3137 959 mor-

633 996 754 1047 tem
800 991 999 1047 totius
1040 986 1307 1062 Africae
1352 988 1646 1044 ambitum
1695 987 2030 1044 oblinuil.“
2735 998 2736 1001 ’

802 1096 906 1148 54.
951 1089 1130 1147 Pror.
1180 1086 1253 1145 de
1298 1086 1457 1145 bello
1503 1087 1695 1145 Vand.
1754 1086 1807 1159 Ι,
1855 1094 1929 1146 72
2007 1077 2168 1162 ,ἕως
2210 1074 2399 1165 αὐτῷ
2445 1077 2771 1161 βασιλεὺς
2816 1083 3042 1165 Ζήνων
3085 1079 3143 1160 ἐς

635 1167 1004 1259 ὁμολογίαν
1069 1166 1360 1249 &QUI-kero
1431 1167 1709 1232 σπονδαί
1770 1192 1847 1233 τε
1915 1159 2142 1245 αὐτοῖς
2202 1168 2563 1256 ἀπέραντοι
2632 1164 3138 1250 ἐπετέθησαν,

630 1258 810 1345 μήτε
858 1252 1218 1332 Βανὸίλους
1259 1249 1584 1342 πολέμιόν
1630 1278 1697 1318 τι
1771 1250 1828 1331 ἐς
1870 1248 1986 1316 τὸν
2035 1249 2258 1319 πάντα
2296 1256 2502 1316 αἰῶνα
2541 1253 2913 1343 Ῥωμαίους
2949 1248 3136 1341 ἐργά-

634 1345 924 1413 σασθαι,
973 1341 1153 1429 μήτε
1200 1329 1430 1416 αὐτοῖς
1470 1334 1627 1425 πρὸς
1667 1336 1928 1401 ἐκείνων
1976 1333 2363 1427 Ξυμβῆναι.
2390 1331 2646 1416 ταύτας
2677 1364 2752 1404 τε
2779 1333 2901 1415 τὰς
2943 1360 3137 1403 σπον-

634 1423 742 1503 δὰς
784 1428 1007 1510 Ζήνων
1055 1449 1131 1490 τε
1180 1415 1381 1495 αὐτὸς
1425 1420 1788 1488 διεσώσατο
1841 1418 1951 1485 καὶ
2003 1419 2070 1500 ὃς
2111 1422 2262 1512 pter-⁹
2309 1420 2560 1487 ἐκεῖνον
2607 1420 2732 1511 τὴν
2769 1421 3135 1502 ,Βασιλείαν

631 1509 1019 1599 παρέλαβεν
1086 1504 1554 1587 Ἀναστάσιος.
1615 1507 1946 1599 διέμειναν
1995 1507 2061 1571 δὲ
2109 1505 2220 1572 καὶ
2271 1506 2327 1587 ἐς
2380 1507 2741 1574 Ἰουστῖνῡν
2791 1500 3130 1597 αὐτοκρά-

631 1604 870 1684 ‘mpod‘

804 1691 903 1742 55.
952 1685 1249 1754 illm-cns,
1291 1682 1540 1740 histoire
1584 1681 1688 1739 des
1732 1681 2050 1739 wandalos
2094 1702 2154 1759 p.
2207 1689 2344 1741 196.
2393 1682 2765 1754 Salvianus,
2811 1683 2883 1741 de
2916 1684 3137 1760 guber·

633 1769 872 1827 natione
914 1768 1048 1826 Dei.
1096 1767 1164 1829 L.
1183 1766 1317 1835 Vll.
1356 1767 1561 1824 Victor
1605 1766 2028 1825 Cartennensis
2072 1787 2134 1843 p.
2159 1773 2259 1825 23.

804 1876 906 1928 56.
952 1871 1223 1929 ,Μανειιε
1266 1888 1326 1944 p.
1376 1876 1514 1927 19⁷.
1560 1869 1982 1942 Papencordt
2026 1887 2086 1944 p.
2132 1875 2279 1928 246.

801 1960 903 2014 57.
950 1955 1219 2014 Marcus
1261 1973 1321 2030 p.
1367 1957 1558 2012 324—
1583 1958 1727 2013 3:36.
1767 1955 1970 2012 Victor
2015 1954 2129 2011 Vit.
2177 1953 2279 2027 IV,
2327 1960 2387 2012 2.

804 2060 908 2114 58.
954 2054 1241 2132 Prosperi
1286 2055 1553 2114 chronic.
1602 2075 1666 2132 p.
1712 2061 1871 2114 666:
1920 2054 2035 2129 „In
2080 2053 2472 2113 Gensericum
2520 2054 2683 2131 apud
2728 2074 2868 2114 snos
2897 2053 2973 2113 de
2998 2073 3139 2112 suc-

630 2157 806 2200 cessu
850 2158 1050 2199 rerum
1097 2141 1537 2216 superbientem
1585 2140 1826 2215 quidam
1874 2141 2187 2215 optimates
2234 2141 2418 2217 ipsius
2456 2141 2988 2217 conspiraverunt,
3031 2139 3138 2198 sed

629 2224 936 2284 molitione
981 2225 1237 2299 detecta,
1279 2224 1479 2285 multis
1527 2226 1601 2283 ab
1649 2244 1718 2284 eo
1765 2225 2080 2301 suppliciis
2104 2226 2429 2284 excruciati
2476 2230 2658 2299 atque
2683 2226 2927 2283 extincti
2975 2228 3133 2283 sunt.

633 2310 905 2386 Cumque
949 2311 1103 2369 idem
1150 2309 1488 2370 audendum
1553 2313 1731 2369 etiam
1795 2311 1929 2368 aliis
1990 2310 2333 2383 videretur,
2393 2311 2597 2369 multis
2659 2313 2819 2389 regis
2862 2311 3130 2387 suspicio

631 2396 809 2454 exitio
853 2395 998 2468 fuit,
1066 2400 1133 2455 ut
1178 2396 1290 2454 hac
1332 2397 1426 2455 sui
1471 2415 1620 2456 cura
1665 2396 1803 2473 plus
1863 2395 2078 2454 virium
2120 2395 2440 2472 perderet,
2512 2415 2688 2471 quam
2733 2396 2783 2454 si
2826 2395 2988 2454 bello
3031 2413 3138 2453 su-

629 2485 1010 2555 peraretur.“

802 2588 904 2639 59.
951 2583 1094 2641 Hoc
1138 2584 1382 2641 verbum
1431 2583 1608 2640 etiam
1654 2581 1876 2658 plurali
1904 2601 2152 2641 numero
2174 2583 2249 2642 de
2283 2602 2404 2642 uno
2430 2587 2789 2642 testamento
2827 2587 2887 2641 et
2923 2582 3138 2641 ultima

630 2667 936 2725 morientis
980 2666 1288 2729 voluntate
1353 2667 1493 2734 dici,
1537 2667 1859 2726 observant
1902 2669 2296 2746 grammatici.
2367 2670 2704 2744 Theophili
2745 2668 3138 2746 paraphrasis

630 2751 1066 2810 institutionum
1127 2752 1220 2810 ed.
1296 2754 1373 2812 G.
1426 2754 1498 2811 0.
1546 2753 1735 2812 Reitz
1800 2771 1934 2811 cum
1979 2748 2275 2832 glossario
2337 2753 2739 2830 Theophilino
2808 2754 2981 2812 Tom.
3050 2753 3135 2811 II.

629 2856 690 2912 p.
744 2843 928 2897 1216.

804 2945 904 2997 6⁰.
954 2938 1146 2998 Simili
1192 2940 1425 2998 ratione
1460 2940 1785 3014 Alfonsus,
1832 2941 2104 3000 conditor
2149 2959 2219 2999 ac
2266 2942 2495 3017 primus
2541 2961 2648 3000 rex
2688 2939 3132 3019 Portugalliae.

629 3025 691 3082 in
735 3024 990 3081 comitiis
1036 3026 1529 3085 Lamaecensibus
1594 3027 1782 3103 primo
1844 3025 1980 3086 loco
2041 3027 2331 3084 rationem
2379 3025 2780 3102 succedendi,
2833 3027 3138 3102 quodam-

629 3108 806 3168 modo
851 3110 1019 3188 regni
1066 3110 1552 3183 fundamentum,
1597 3112 1909 3185 stabilivit,
1955 3131 2209 3188 quacum
2255 3112 2391 3190 lege
2437 3114 2618 3170 etiam
2664 3109 2782 3170 alia
2816 3110 2977 3189 juris
3021 3130 3140 3188 pu-

630 3195 771 3253 blici
817 3197 1169 3271 gravissima
1214 3202 1537 3273 praecepta
1581 3198 1911 3273 conjunxit.
1960 3199 2291 3257 Hermann
2336 3196 2635 3270 schulze,
2681 3196 2781 3255 die
2824 3197 3138 3276 portugie-

630 3281 829 3339 sische
874 3280 1262 3358 Thronfolge‚
1310 3288 1497 3356 1854,
1542 3303 1602 3359 p.
1645 3289 1879 3342 6-12.
2957 3285 2963 3289 ’

742 3401 749 3404 ι
804 3372 906 3424 61.
961 3368 1040 3427 G.
1090 3367 1291 3426 'Vaitz
1336 3366 1419 3439 Π,
1465 3373 1734 3426 93-97.
1782 3368 1963 3426 Paul
1983 3366 2175 3440 Roth,
2223 3365 2585 3425 Geschichte
2629 3365 2735 3425 des
2767 3363 3132 3425 Beneficial-

629 3468 861 3511 wesens
908 3458 1094 3522 1850,
1135 3470 1194 3526 p.
1244 3456 1520 3510 55-63.
1567 3453 1896 3511 Hermann
1922 3446 2220 3524 ›Sc-kuke,
2265 3451 2371 3511 das
2401 3452 2601 3510 Recht
2645 3451 2752 3510 der
2777 3451 3141 3528 Erstgeburt

629 3557 692 3613 p.
742 3542 1013 3596 17-26.
1078 3536 1332 3614 Gregor.
1400 3538 1548 3594 Tur.
1596 3536 1701 3604 lv,
1745 3554 1799 3593 c.
1867 3541 1986 3596 22:
2068 3538 2264 3611 „inter
2306 3556 2369 3596 se
2432 3540 2687 3612 quatuor
2749 3536 2857 3595 filii
2922 3537 3141 3614 (regis)

629 3623 1003 3678 divisionem
1048 3622 1390 3698 legitimam
1435 3620 1726 3680 faciunt.“
1774 3622 1887 3679 Vll
1932 3641 1986 3680 c.
2034 3629 2156 3681 32:
2202 3622 2725 3695 ‚‚GundobalduS‚
2793 3621 2895 3696 qui
2944 3639 3141 3696 nuper

629 3705 703 3763 ab
763 3704 990 3762 oriente
1032 3707 1294 3778 venienS‚
1338 3705 1485 3764 dicit
1529 3725 1594 3764 se
1635 3706 1825 3765 filium
1870 3709 2233 3782 essepatris
2302 3708 2481 3765 vestri
2525 3709 2684 3785 regis
2729 3706 3138 3765 clothacharii

628 3790 791 3849 misit
833 3806 977 3862 nos,
1054 3797 1122 3847 ut
1167 3792 1437 3849 debitam
1478 3794 1832 3865 portionem
1877 3796 2066 3871 regni
2104 3795 2214 3852 sui
2278 3794 2616 3866 recipiat.“
2705 3793 2808 3851 Sic
2855 3793 3031 3850 etiam
3077 3792 3140 3849 in

627 3893 816 3954 regno
860 3874 1306 3952 Thuringorum
1353 3879 1413 3933 et
1455 3876 1952 3955 Burgundionum
2010 3878 2234 3952 plures
2290 3875 2507 3935 fratres
2566 3878 2770 3954 regiae
2822 3875 3142 3952 potestatis

629 3960 955 4040 participes
1022 3962 1228 4033 erant3
1291 3961 1380 4018 sie
1424 3961 1804 4023 Gundericus
1871 3982 1977 4022 rex
2036 3962 2534 4040 Burgundionum
2592 3979 2729 4019 cum
2794 3960 3139 4037 Chilperico

630 4049 834 4121 fratre,
881 4045 1324 4106 Gundebaldus
1370 4066 1500 4108 eum
1546 4046 1919 4126 Godegisilo‚
1966 4046 2309 4123 Chilperico
2355 4051 2415 4106 et
2460 4047 2803 4106 Godomare
2846 4046 3139 4104 fratribus

626 4134 852 4212 regiam
895 4135 1252 4209 potestatem
1295 4133 1829 4193 communicabant.
1875 4132 2000 4192 Lex
2040 4131 2227 4210 Burg.
2275 4133 2365 4190 tit.
2412 4132 2527 4191 111.
2572 4133 2666 4192 M.
2698 4135 2777 4191 A.
2836 4151 2897 4190 v.
2939 4133 3143 4191 Beth-

628 4219 1144 4296 mann·Hollwe9
1181 4240 1247 4295 p.
1296 4225 1398 4279 54.
1827 4257 1832 4262 -

801 4325 902 4378 62.
948 4318 1120 4379 Jorn.
1168 4339 1221 4380 e.
1269 4327 1387 4398 ⁵⁰3
1476 4322 1677 4396 „inter
1740 4336 2115 4379 successores
2182 4316 2412 4377 Attilae
2470 4316 2546 4377 de
2604 4335 2792 4397 regno
2837 4320 3145 4376 contentio

626 4409 762 4463 orta
806 4407 895 4462 est
941 4407 1000 4463 et
1061 4406 1207 4465 dum
1271 4406 1633 4465 inconsulte
1697 4406 2012 4482 imperare
2073 4404 2337 4479 cupiunt
2382 4404 2630 4476 cuncti,
2694 4421 2908 4463 omnes
2949 4404 3143 4462 simul
