3530 5132
1893 169 1974 234 32

686 348 954 422 mordio
1024 349 1400 432 retinebat,
1494 356 1736 439 postea
1805 345 1894 415 ad
1963 346 2302 417 orientalis
2391 346 2823 417 monarchiae
2895 349 3186 421 formam

685 450 1003 564 proxime
1054 466 1443 536 accedebat.
1563 465 1890 536 Germani
1939 463 2234 556 denique
2252 517 2273 554 ‚
2347 466 2624 537 simulac
2673 467 2745 536 in
2796 468 3002 537 ruinis
3052 470 3184 537 im·-

685 588 863 681 perii
915 587 1210 656 Romani
1260 607 1437 654 nova
1484 606 1703 678 regna
1753 583 2244 672 condiderunt,
2314 608 2557 654 novam
2610 587 2898 656 formam
2951 588 3187 658 civita-

684 708 769 778 tis
818 704 1331 776 monarchiam
1366 702 1439 771 in
1482 704 1706 798 regia
1751 701 2071 798 familia
2115 703 2652 774 hereditariam
2702 713 2925 800 atque
2965 708 3187 779 certis

688 825 980 921 legibus
1013 823 1651 915 circumscriptam
1703 821 2248 894 introduxerunt.
2326 823 2719 915 Utrumque
2768 837 3187 897 momentum

685 944 921 1014 deerat
968 941 1260 1034 imperio
1313 943 1653 1010 Romano.

890 1060 1298 1154 Imperatori
1349 1059 1627 1151 quidem
1698 1058 1952 1128 licebat
2024 1059 2381 1153 designare
2430 1061 2557 1130 sibi
2602 1085 3048 1132 successorem
3089 1053 3182 1150 ⁸¹,

685 1182 806 1272 qui
859 1179 1005 1272 ejus
1053 1181 1231 1250 filius
1282 1190 1401 1249 aut
1449 1201 1648 1248 verus
1699 1188 1817 1246 aut
1867 1177 2228 1270 adoptivus
2265 1204 2404 1250 esse
2435 1182 2741 1265 solebat3
2792 1182 2909 1251 sed
2946 1205 3186 1252 verum

674 1300 790 1393 jus
841 1299 1330 1369 hereditarium
1352 1352 1371 1383 ‚
1453 1298 1644 1388 quod
1696 1296 2005 1366 omnibus
2059 1299 2263 1389 primi
2317 1300 2717 1389 acquirentis
2769 1300 3185 1370 descenden-

683 1419 864 1490 tibus
914 1419 1255 1505 innatum,
1307 1419 1497 1486 nullo
1549 1416 1835 1484 arbitrio
1888 1415 2092 1483 adimi
2144 1427 2409 1508 potest,
2463 1417 2755 1486 familiae
2804 1418 3183 1512 imperatof

684 1539 824 1607 riae
874 1560 1304 1629 nequaquam
1365 1535 1823 1627 competebat.
1928 1535 2320 1603 Arctissima
2361 1535 2538 1627 juris
2590 1536 2851 1627 publici
2904 1560 3180 1606 monar-

684 1656 859 1725 chici
912 1679 1063 1724 cum
1108 1656 1270 1746 jure
1335 1653 1750 1721 hereditario
1801 1652 2036 1747 regiae
2104 1652 2397 1722 familiae
2466 1656 2868 1725 consociatio
2920 1657 3183 1747 princi-

682 1775 876 1867 pium
927 1783 1027 1841 est
1078 1796 1237 1840 vere
1289 1772 1793 1841 Germanicum.

890 1893 1036 1961 Nec
1103 1891 1500 1960 monarchia
1567 1914 1724 1962 cum
1776 1891 2024 1982 populi
2091 1893 2405 1960 libertate
2491 1889 2885 1981 conjuncta,
2981 1893 3181 1961 certis

682 2012 954 2105 legibus
1039 2011 1563 2103 circumscripta,
1633 2034 1671 2079 c
1721 2010 1911 2079 senili
1983 2012 2452 2079 Romanorum
2522 2021 2590 2078 et
2639 2009 3182 2100 Byzantinorum

680 2130 957 2223 ingenio
1007 2131 1186 2200 nasci
1241 2140 1534 2223 poterat.
1605 2129 1916 2198 Arbitrio
1988 2128 2419 2219 imperatoris
2472 2128 2757 2222 ejusque
2807 2132 3177 2216 voluntate,

681 2250 870 2318 nulla
924 2251 1085 2343 lege
1133 2248 1635 2340 circumscripta
1656 2298 1675 2333 ‚
1747 2268 2008 2316 summa
2071 2248 2277 2317 totius
2335 2247 2512 2338 juris
2566 2249 2827 2341 publici
2880 2250 3181 2318 contine-

680 2368 906 2437 batur.
1011 2367 1199 2454 Quid
1249 2368 1363 2435 lex
1411 2366 1815 2436 successoria
1864 2365 1934 2432 in
1989 2364 2107 2429 tali
2159 2365 2445 2454 imperio
2498 2367 2771 2433 efficere
2821 2370 3177 2456 potuisset,

582 2566 587 2574 ὁ
682 2508 822 2577 quo
871 2485 1269 2575 imperatori
1320 2484 1590 2575 legibus
1639 2483 1903 2565 soluto,
1958 2499 2187 2545 omnes
2241 2490 2732 2549 antecessorum
2783 2483 2973 2575 leges
3010 2508 3182 2576 per..

680 2604 982 2694 fringere
1022 2623 1102 2667 ac
1153 2608 1373 2667 totum
1424 2599 1845 2691 reipublicae
1895 2604 2142 2666 statum
2194 2597 2283 2665 ad
2334 2621 2533 2667 suum
2584 2600 2854 2672 libitum
2914 2612 3180 2673 mutare

682 2719 933 2790 licebat
971 2707 1097 2787 ⁸²2⁹
1198 2717 1341 2786 Ubi
1414 2727 1560 2786 erat
1623 2718 1694 2785 in
1745 2717 1868 2786 tali
1935 2712 2205 2785 civitate
2280 2720 2584 2809 populus
2606 2768 2626 2807 ,
2700 2720 2964 2813 patriae
3016 2745 3179 2791 con-

680 2836 1004 2910 stitutioni
1058 2859 1136 2904 ac
1188 2836 1420 2930 regiae
1469 2836 1762 2905 familiae
1833 2834 2131 2904 fideliter
2207 2835 2510 2905 addictus
2531 2888 2552 2925 ‚
2623 2838 2745 2906 ubi
2796 2849 3019 2907 custos
3071 2841 3180 2909 le·-

685 2982 850 3054 gum
905 2967 1209 3025 constans
1260 2955 1385 3025 sibi
1441 2980 1519 3025 ac
1571 2957 1806 3024 firmus
1828 3005 1849 3042 ‚
1926 2954 2046 3045 qui
2110 2956 2308 3048 regni
2374 2956 2917 3026 constitutionem
2967 2968 3176 3049 atque

672 3078 837 3173 jura
887 3087 1294 3171 agnatorum
1348 3075 1713 3145 defendere
1764 3074 2102 3167 potuisset
2153 3086 2387 3144 contra
2439 3057 2768 3167 principis
2821 3077 3025 3167 ipsius
3062 3101 3177 3146 ar-

682 3198 1030 3268 bitrariam
1080 3198 1502 3267 voluntatem
1554 3205 1762 3288 atque
1815 3194 2213 3262 effrenatam
2250 3193 2601 3263 libidinem
2635 3194 2932 3265 cohortis
2973 3219 3173 3288 prae-

683 3316 990 3385 torianae
1010 3304 1081 3352 ⁸³
1112 3312 1150 3382 ¹2

894 3432 1389 3502 Germanicae
1438 3431 1650 3522 igitur
1700 3425 2134 3495 monarchiae
2182 3429 2478 3520 genuina
2543 3430 2777 3501 indole
2843 3433 3174 3523 inductus,

684 3551 1087 3620 Gensericus
1136 3552 1468 3619 barbarus
1518 3569 1639 3615 rex
1674 3568 1861 3615 suam
1890 3546 2428 3630 constitutionem
2455 3552 2950 3643 promulgavit,
2999 3575 3176 3641 quae

683 3668 1202 3759 profundiorem
1253 3669 1397 3737 veri
1439 3664 1613 3758 juris
1666 3664 1931 3756 publici
1979 3666 2392 3735 monarchici
2443 3668 2860 3738 intellectum
2912 3670 3171 3759 prodit,

682 3807 889 3876 quam
939 3784 1296 3853 Justiniani
1347 3784 1783 3876 omniumque
1830 3784 2320 3877 imperatorum
2372 3786 2732 3876 legislatio.

886 3904 1319 3991 Quamquam
1370 3926 1446 3972 re
1498 3925 1658 3971 vera
1704 3901 1838 3972 hac
1889 3903 2360 3973 constitutione
2410 3902 2499 3970 de
2549 3903 2818 3994 populo
2841 3926 2964 3972 suo
3001 3904 3176 3974 bene

683 4025 930 4095 meruit
980 4022 1402 4109 GensericuS,
1455 4023 1574 4113 qui
1624 4023 1879 4114 primus
1927 4024 2102 4092 inter
2154 4043 2383 4091 omnes
2435 4020 2933 4091 Germanorum
2977 4046 3175 4117 reges

681 4142 1096 4212 individuam
1144 4142 1341 4236 regni
1391 4153 1701 4213 naturam
1749 4143 1911 4233 lege
1960 4140 2196 4227 sanxit,
2250 4150 2476 4209 tamen
2512 4140 2700 4209 ordo
2740 4142 3173 4212 succedendi

683 4285 776 4333 ex
828 4263 1120 4335 ratione
1170 4262 1588 4334 senioratus
1611 4310 1630 4349 ,
1723 4282 1929 4352 quem
1979 4258 2376 4353 praecepit,
2453 4278 2705 4352 magno
2749 4260 2920 4329 ,vitio
2976 4261 3170 4329 labo·
