3530 5132
1843 181 1925 246 30

1951 271 2012 280 -ι

855 358 1012 426 Nou
1063 360 1417 426 immemor
1473 365 1575 426 est
1623 355 2037 425 Justiniauus
2087 357 2275 450 pacis
2340 356 2869 450 sempiternae,
2942 382 3153 451 quam

655 501 714 548 a.
768 475 918 546 475
972 477 1162 545 Zeno
1214 499 1368 546 cum
1436 474 1807 545 Genserico
1885 474 2302 563 confecerat,
2371 475 2491 545 sed
2539 462 2916 569 imperator
2981 479 3152 547 sub-

650 596 859 665 tiliter
911 595 1230 687 exponit,
1296 595 1559 665 bellum
1623 601 1861 662 contra
1912 592 2325 664 Gelimerem
2372 596 2537 665 huic
2585 598 2742 688 paci
2788 596 3152 688 sempiter-

651 738 778 784 nae
826 736 965 783 non
1014 714 1424 783 contrarium
1458 735 1622 798 esse,
1675 735 1834 780 uam
1870 736 1943 782 se
1992 736 2129 783 non
2161 714 2422 783 bellum
2470 716 2819 785 illaturum
2854 738 2995 785 esse
3042 716 3150 784 le-

648 834 893 928 gitimo
946 832 1306 902 successori
1375 831 1720 900 Genserici
1772 854 1852 899 ac
1903 832 2366 902 vandalorum
2416 835 2683 925 populo
2702 885 2723 922 ‚
2779 835 2900 903 sed
2952 858 3149 904 usur-

649 951 881 1047 patori
926 958 1007 1018 ac
1037 961 1351 1042 tyranno,
1389 960 1468 1020 ut
1497 950 1820 1023 Vandalis
1867 951 2250 1044 legitimum
2299 975 2537 1046 regem
2588 954 2993 1023 restitueret.

856 1069 1165 1138 Gelimer
1213 1091 1540 1162 responso
1606 1093 1731 1139 suo
1804 1093 1876 1139 se
1926 1076 2232 1163 purgare
2283 1085 2563 1143 conatur
2613 1074 2702 1141 ab
2754 1073 3151 1164 usurpatio-

650 1190 748 1259 nis
800 1189 1225 1283 opprobrio:

856 1306 1067 1386 „oi'irs
1115 1311 1245 1398 βίᾳ
1285 1307 1404 1398 τὴν
1449 1307 1668 1403 ἀρχὴν
1727 1308 1978 1393 ἔλαβον
2032 1305 2191 1378 οὔτε
2235 1339 2298 1378 τι
2358 1308 2617 1378 ἀνόσιον
2682 1309 2749 1385 ἐς
2791 1308 3145 1400 ξυγγενεῖς

651 1424 818 1503 τοὺς
856 1425 1061 1522 ἐμοὺς
1096 1424 1465 1519 εἴργασται.
1534 1424 1905 1522 Ἰλδέριχον
1948 1427 2081 1521 γὰρ
2115 1427 2399 1522 νειότερα
2432 1425 2821 1521 πράσσοντα
2853 1430 2921 1504 ἐς
2965 1427 3146 1498 οἶέιον

649 1543 766 1615 τὸν
808 1546 1179 1637 Γιζερίχου
1236 1543 1512 1611 καθεῖλε
1545 1542 1625 1613 τὸ
1670 1551 1803 1613 τῶν
1842 1546 2187 1614 Βανδίλων
2226 1545 2461 1622 ἔθνος·
2518 1546 2668 1640 ἐμὲ
2718 1548 2786 1615 δὲ
2825 1547 3143 1642 ὁχρόνος

653 1663 719 1736 ἐς
745 1660 862 1753 τὴν
897 1661 1251 1744 βασιλείαν
1299 1656 1592 1737 ἐκάλεσε,
1640 1659 1819 1730 κατὰ
1845 1689 1922 1750 γε
1948 1662 2063 1731 τὸν
2091 1662 2293 1759 νόμον
2340 1664 2428 1732 τὰ
2468 1670 2793 1758 πρεσβεῖα
2833 1661 3136 1742 διδους.“

847 1776 1178 1868 Agnoscit
1262 1774 1568 1843 Gelimer
1633 1777 1783 1868 ipse
1847 1775 2111 1868 justum
2196 1782 2470 1849 titulum
2560 1782 2932 1868 widerici,
3014 1784 3134 1873 qui

646 1905 809 1965 natu
860 1894 1184 1963 maximus
1224 1915 1307 1961 ex
1357 1894 1690 1980 omnibus,
1742 1909 2019 1967 vocatus
2071 1899 2158 1966 ad
2210 1923 2501 1992 regnum
2562 1910 2707 1969 erat
2755 1900 2913 1994 lege
2948 1900 3142 1968 Gen-

643 2014 874 2098 serici,
964 2013 1084 2082 sed
1150 2011 1443 2082 vindicat
1523 2023 1893 2105 usurpator
1964 2018 2237 2108 populo
2308 2016 2770 2090 vandalorum
2828 2017 2944 2112 jus
3018 2042 3136 2089 re-

643 2131 984 2202 movendi
1031 2154 1268 2224 regem
1317 2132 1645 2201 inutilem.
1750 2131 1893 2200 Sed
1959 2135 2148 2204 nullo
2202 2137 2410 2207 modo
2462 2139 2922 2208 consentiebat
2972 2163 3140 2226 moS‚

647 2275 790 2342 quo
859 2251 1022 2319 olim
1096 2250 1594 2320 Germanorum
1666 2252 1919 2343 populi
1988 2276 2186 2346 reges
2255 2255 2562 2325 imbelles
2616 2267 2686 2326 et
2734 2256 3001 2324 inutiles
3052 2257 3141 2324 ab

644 2394 861 2463 reguo
912 2393 1264 2440 removere
1291 2360 1394 2461 8Φ)
1449 2394 1528 2438 ac
1591 2370 1943 2439 fortiorem
1996 2395 2233 2463 regem
2299 2374 2426 2441 sibi
2479 2375 2736 2464 eligere
2800 2374 3133 2457 solebant,

645 2512 798 2558 cum
850 2487 1201 2557 Geuserici
1251 2489 1744 2576 constitutione,
1798 2512 1937 2579 qua
1985 2511 2273 2581 regnum
2326 2487 2827 2577 Vandalorum‚
2880 2489 3139 2559 abolita

536 2657 539 2658 f
647 2609 974 2678 electione
1041 2607 1333 2699 populi,
1409 2630 1595 2676 mere
1664 2607 2152 2677 hereditarium
2217 2606 2474 2678 factum
2540 2619 2709 2679 erat.
2825 2610 2983 2678 Hac
3050 2610 3142 2679 tle

645 2748 875 2797 caussa
923 2724 1228 2794 Gelimer
1278 2727 1729 2818 usurpationis
1762 2727 2167 2820 opprobrio
2218 2750 2291 2796 se
2338 2750 2646 2822 purgare
2693 2729 3020 2820 nequivit.

848 2843 1258 2913 Justiuianus
1308 2842 1544 2912 eadem
1594 2845 1908 2933 fictione,
1959 2868 2118 2936 qua
2193 2868 2329 2914 non
2378 2869 2597 2940 regno
2647 2847 3136 2933 vandalorum,

644 2963 764 3034 sed
813 2963 1204 3055 usurpatori
1259 2972 1519 3035 tautum
1568 2965 1834 3035 bellum
1881 2965 2123 3053 infert,
2174 2966 2388 3035 utitur
2436 2965 2506 3033 in
2555 2965 2791 3034 litteris
2814 3015 2834 3053 ,
2888 2965 3138 3057 quibus

644 3082 988 3152 Vandalus
1039 3083 1446 3175 alloquitur:

849 3199 1093 3286 „Oz’fvs
1143 3203 1504 3277 Βανδίλοις
1561 3203 1875 3297 πολεμεῖν
1936 3200 2264 3297 ἔγνωμεν,
2347 3202 2507 3273 οὕτε
2560 3204 2692 3281 τὰς
2762 3207 3134 3299 Γιζερίχου

648 3321 944 3396 σπονδὰς
983 3316 1253 3416 λύομεν,
1297 3320 1485 3388 ἀλλὰ
1521 3318 1638 3390 τὸν
1678 3313 1998 3413 ὑμέτερον
2053 3314 2373 3413 τύραννον
2426 3322 2735 3390 καθελεῖν
2774 3322 3136 3416 ἐγχειροῦ-

646 3465 783 3535 μεν,
843 3436 935 3514 ὃς
973 3445 1138 3508 τῶν
1197 3440 1699 3531 Γιζερίχου
1743 3437 2198 3529 διαθηκῶν
2239 3437 2810 3534 ὀλιγωρήσας
2845 3438 2963 3508 τὸν
3015 3442 3133 3534 μὲν

644 3555 937 3638 βασιλέα
974 3551 1162 3651 ὑμῶν
1199 3553 1566 3650 καθείρξας
1601 3558 1788 3649 τηρεῖ
1806 3600 2051 3625 ......
2081 3553 2526 3645 ξυλλάβεσθε
2568 3561 2787 3625 τοίνυν
2828 3555 2980 3649 ἡμῖν
3017 3555 3128 3623 καὶ

646 3670 1213 3765 ξυνελευθεροῦτε
1269 3669 1449 3769 ὑμᾶς
1490 3667 1750 3750 αὐτοὺς
1803 3671 1988 3744 οὕτω
2044 3682 2417 3771 μοχθηροῖς
2459 3674 2884 3766 τυραννίδος,
2945 3670 3134 3749 ὅπως

646 3787 724 3857 ἂν
780 3783 1064 3879 δύνησθε
1105 3795 1233 3881 τῆς
1289 3819 1363 3859 τε
1402 3789 1662 3885 εἰρήνης
1703 3791 1815 3862 καὶ
1855 3799 1990 3887 τῆς
2028 3779 2410 3886 ἐλευθερίας
2442 3788 2897 3858 ἁπόνασθαι.“
2925 3790 3129 3860 Proc-

642 3907 732 3976 de
780 3906 970 3976 bello
1021 3906 1241 3975 Vand.
1291 3907 1347 3989 Ι,
1406 3907 1526 3976 16.

860 4023 969 4096 Ita
1038 4025 1447 4096 Justinianus
1513 4025 1664 4117 ipse
1679 4076 1701 4114 ‚
1793 4027 1913 4117 qui
1980 4025 2327 4094 Genserici
2411 4032 2808 4093 testamento
2880 4037 3138 4097 tautam

641 4146 936 4215 vindicat
957 4144 1464 4236 auctoritatem,
1514 4144 1722 4241 hujus
1754 4146 1929 4240 legis
1960 4143 2399 4215 successoriae
2433 4143 2997 4235 praeclarissimus
3032 4147 3138 4213 in-

639 4273 906 4358 terpres
958 4276 1079 4336 est.
