3530 5132
1629 273 1647 312 Ι

1481 341 1561 348 m

392 429 588 498 cticio
640 430 859 497 nixam
913 428 1113 496 fuisse
1134 418 1224 494 ²⁴.
1281 429 1503 513 Quam
1543 425 1820 517 quidem
1857 420 2352 519 principiorum
2406 453 2532 521 per
2589 457 2659 501 se
2719 458 2881 501 con-

393 548 755 617 trariorum
808 547 1368 617 consociationem
1414 547 1481 612 in
1535 547 1843 614 omnibus
1897 545 2396 618 Germanorum
2446 552 2709 644 regnis,
2762 577 2883 621 an-

393 669 774 758 tiquissimis
815 667 1241 758 temporibus
1292 666 1633 749 exstitisse,
1692 665 1893 733 etiam
1946 667 2499 759 Anglosaxonum
2554 683 2623 740 et
2673 671 2890 740 Scan·-

394 788 791 856 ‹linavorum
843 787 1124 855 historia
1177 787 1553 853 luculenter
1606 785 1807 853 docet
1825 776 1913 852 ²⁵.

276 993 317 1014 ω
596 906 908 976 Maximis
961 902 1187 975 autem
1240 927 1467 973 rerum
1537 904 2117 992 conversionibus,
2172 930 2338 996 quas
2391 907 2886 978 Germanorum

206 995 690 1099 QTinitates
756 1026 1144 1110 subierunt,
1214 1023 1387 1091 haec
1455 1024 1729 1113 antiqua
1796 1024 2217 1096 successionis
2267 1027 2604 1120 principia
2676 1032 2890 1123 magis

394 1147 748 1239 magisque
799 1144 1134 1212 labefacta
1184 1154 1376 1228 sunt,
1444 1143 1539 1212 ita
1590 1151 1668 1211 ut
1719 1151 1854 1213 aut
1894 1143 2011 1234 jus
2062 1146 2547 1216 hereditarium
2600 1159 2732 1219 aut
2772 1150 2888 1241 jus

394 1266 737 1335 electionis
788 1263 1025 1332 sensim
1080 1264 1476 1353 praevalere
1526 1261 1857 1353 inciperet
1897 1273 2105 1353 atque
2141 1264 2638 1335 Germanorum
2676 1293 2891 1361 regna

396 1398 513 1454 aut
560 1405 762 1453 mere
813 1381 1276 1450 hereditaria
1298 1372 1366 1415 ²⁶
1418 1391 1534 1450 aut
1585 1404 1785 1451 mere
1837 1384 2164 1452 eiecticia
2185 1375 2254 1421 ²⁷
2303 1385 2567 1452 fierent.

597 1503 809 1586 Fatis,
865 1524 1044 1590 quae
1095 1500 1430 1591 principia
1480 1502 1907 1572 successionis
1957 1504 2025 1570 in
2078 1501 2351 1572 diversis
2393 1504 2891 1572 Germanorum

395 1625 620 1717 regnis
671 1620 1017 1704 subierint,
1070 1619 1368 1688 breviter
1420 1621 1776 1712 expositis,
1830 1623 2199 1692 accuratius
2267 1624 2598 1692 rationem
2665 1648 2893 1693 succe-

393 1743 601 1811 deudi
651 1742 719 1808 in
745 1739 1206 1808 Vandalorum
1257 1761 1476 1831 regno
1530 1742 1990 1811 tractabimus.
2048 1745 2244 1829 Quae
2283 1742 2564 1833 quidem
2615 1745 2706 1812 ob
2744 1767 2892 1812 eam

391 1883 688 1930 caussam
740 1859 1156 1926 accuratiore
1207 1858 1648 1950 indagatione
1697 1860 1913 1954 digna
1964 1862 2270 1948 videtur,
2355 1861 2531 1955 quia
2600 1863 2894 1956 primas

395 1983 585 2050 inter
657 2001 898 2046 omnes
963 1978 1516 2046 Germanorum
1582 2001 1851 2072 regesi,
1928 1981 2370 2050 Gen-sericus
2437 1982 2893 2050 individuam

395 2099 615 2193 regni
649 2104 1001 2165 naturam
1040 2104 1260 2188 atque
1294 2106 1573 2165 certam
1630 2099 1963 2166 ordinem
1994 2099 2453 2184 succedendi,
2508 2101 2647 2166 hoc
2686 2096 2893 2189 juris

383 2217 665 2312 publici
721 2215 1175 2283 monarchici
1206 2214 1806 2307 fundamentum,
1860 2240 2221 2311 expressa
2275 2219 2444 2311 lege
2497 2216 2889 2286 constituit.

1441 2444 1709 2451 -m—--*-.
1737 2445 1842 2454 -..---

1537 2644 1609 2739 ς.
1665 2647 1737 2713 2.

435 2778 544 2840 DE
590 2774 1150 2836 VANDALORUM
1193 2776 1435 2835 FATIS
1481 2778 1928 2854 EORUMQUE
1987 2778 2285 2837 STIRPE
2330 2778 2588 2838 REGIA
2633 2779 2851 2839 ANTE

622 2912 623 2917 κ
1060 2876 1694 2941 OCGUPATIONEM
1758 2880 2114 2939 AFRICAE
2135 2872 2209 2938 ²⁸.

602 3049 894 3119 Vandali
961 3062 1486 3118 annumerantur
1555 3075 1843 3144 magnae
1918 3050 2311 3118 Gothorum
2387 3054 2612 3141 genti:
2717 3053 2900 3138 „hae

398 3181 632 3264 partes
684 3169 989 3235 diversae
1039 3169 1259 3259 gentis
1313 3166 1652 3239 Gothicae
1704 3169 1976 3237 nomine
2027 3168 2325 3259 quidem,
2380 3172 2567 3237 nulla
2619 3193 2783 3238 vero
2821 3182 2900 3237 re*

399 3301 758 3384 praeterea
808 3285 983 3354 inter
1035 3309 1111 3354 se
1161 3287 1528 3359 differunt:
1584 3291 1884 3360 eaedem
1936 3289 2168 3381 leges,
2228 3289 2465 3356 eadem
2498 3312 2707 3374 sacra,
2761 3312 2896 3356 una

397 3411 674 3478 demum
726 3407 983 3496 lingua,
1015 3412 1213 3496 'quae
1265 3408 1565 3477 Gothica
1615 3412 1947 3478 vocatur“
1973 3399 2062 3475 ²⁹.

607 3526 1239 3595 Commemorantur
1308 3527 1531 3596 obiter
1598 3529 1886 3597 Vandali
1940 3552 1981 3594 a
2031 3525 2253 3594 Plinio
2323 3537 2391 3593 et
2444 3550 2484 3593 a
2535 3526 2781 3595 Tacito
2804 3515 2894 3592 ³⁰.

398 3648 611 3716 Sedes
682 3668 917 3714 eorum
985 3645 1479 3735 antiquissimae
1552 3646 1726 3715 inter
1801 3646 2128 3715 Viadrum
2200 3647 2619 3737 superiorem
2690 3654 2899 3732 atque

398 3768 660 3835 montes
714 3763 1191 3856 Asciburgicos
1243 3755 1627 3852 fuerunt31,
1697 3765 1879 3834 unde
1928 3765 2004 3832 hi
2054 3776 2314 3832 montes
2368 3765 2567 3832 etiam
2626 3763 2898 3830 Vanda-

395 3882 504 3954 lici
557 3884 1078 3954 nominabantur
1103 3872 1191 3950 3².
1228 3884 1526 3976 ·Magno
1578 3884 2132 3952 Marcomannico
2181 3884 2369 3951 bello
2419 3882 2729 3965 Vandali,
2782 3904 2899 3947 re-

402 4005 573 4074 lictis
625 4003 897 4074 sedibus
949 4002 1265 4093 antiquiS,
1325 4002 1414 4071 ad
1465 4003 1650 4094 ripas
1671 4004 1971 4072 Danubii
2005 4013 2485 4095 pervenerunt.
2539 4000 2721 4066 Pace
2745 4020 2897 4066 cum

404 4124 727 4193 Romanis
778 4122 995 4209 facta,
1050 4144 1296 4191 novam
1347 4124 1640 4215 patriam
1695 4123 1764 4189 in
1819 4122 2029 4188 Dacia
2078 4123 2456 4215 invenere,
2487 4140 2655 4208 quas
2707 4114 2897 4183 sedes

396 4239 778 4312 Jornandes
830 4243 1320 4315 accuratissime
1371 4242 1726 4334 descripsit
1760 4230 1849 4308 ³³.
1946 4239 2307 4323 Vandalis,
2379 4238 2500 4328 qui
2551 4260 2592 4303 a
2645 4234 2893 4303 Gothis

396 4385 478 4430 ex
528 4359 635 4428 his
693 4355 963 4427 sedibus
1016 4362 1558 4452 expellebantur,
1615 4359 2086 4430 Constantinus
2125 4360 2426 4451 Magnus
2477 4353 2895 4423 domicilium
