3530 5132
1853 208 1937 272 20

644 387 1017 482 principio
1090 385 1195 454 ad
1262 384 1576 478 reguum
1645 393 2125 477 pervenerat.
2233 384 2627 452 Gunderico
2697 382 2874 449 enim
2947 380 3141 451 fratri

655 507 1081 575 successerat
1104 505 1533 588 Gensericus,
1586 526 2004 594 quamquam
2049 504 2166 571 ille
2218 505 2455 594 plures
2510 502 2691 571 filios
2745 501 3139 591 reliquerat.

652 626 862 694 Suam
913 625 1128 713 ipsius
1182 625 1395 715 igitur
1471 624 1976 691 successionem
2030 622 2436 691 Genseticus
2490 620 2971 691 constitutione
3021 641 3145 687 sua

652 743 1092 835 postmodum
1144 743 1518 833 legitimam
1589 742 1957 821 declaravit
2022 752 2230 831 atque
2304 752 2524 810 ratum
2594 739 2878 825 habuit,
2954 735 3147 829 quod

652 867 794 953 ipse
846 885 1133 953 regnum
1188 875 1535 950 acceperat
1588 861 1879 929 exclusis
1932 861 2159 929 fratris
2211 861 2509 929 defuncti
2559 860 2737 928 filiis·
3003 858 3008 865 ’

864 980 951 1070 2)
1007 980 1083 1047 Si
1153 979 1561 1048 Gensericus
1640 979 1845 1048 talem
1922 980 2188 1071 legem,
2264 1003 2401 1070 qua
2468 975 2884 1046 individuam
2953 974 3153 1065 regni

653 1100 959 1168 naturam
1035 1099 1514 1185 constituerat,
1585 1122 1719 1166 non
1790 1101 2320 1191 promulgasset,
2391 1099 2556 1167 sine*
2601 1096 2814 1166 dubio
2900 1116 3147 1162 omnes

654 1218 799 1308 ejus
866 1218 1026 1301 filii,
1102 1230 1176 1286 ut
1249 1219 1374 1286 filii
1439 1218 1911 1304 chlodovaei,
2005 1218 2385 1308 portionem
2451 1218 2648 1309 regni
2716 1215 3142 1303 accepissent.

656 1336 1177 1407 Privabantur
1252 1336 1466 1429 igitur
1541 1337 2050 1429 quodammodo
2108 1337 2415 1429 juniores
2481 1336 2643 1422 filii,
2720 1335 2951 1404 salutis
3016 1356 3148 1421 pu·-

653 1457 873 1524 blicae
943 1480 1210 1542 caussa,
1291 1458 1703 1525 successione
1729 1510 1747 1544 ,
1855 1456 2032 1548 quae
2097 1457 2242 1525 filio
2309 1455 2604 1524 inaximo
2675 1455 2807 1522 soli
2874 1453 3151 1521 addice-

653 1577 879 1644 batur.
988 1574 1454 1660 Quamobrem
1530 1577 1639 1642 lex
1717 1576 2155 1644 successionis
2220 1576 2316 1643 ita
2347 1574 2350 1577 ’
2384 1573 2786 1643 instituenda
2838 1585 3021 1658 erat,
3076 1580 3153 1640 ut

657 1694 886 1781 aliqua
938 1681 1335 1759 succedendi
1388 1716 1535 1782 spes
1607 1695 2012 1785 postgenitis
2079 1704 2500 1777 remaneret,
2572 1717 2658 1761 ne
2730 1691 3022 1760 exclusio
3072 1689 3151 1757 iis

657 1811 851 1879 nimis
901 1811 1071 1878 dura
1140 1811 1507 1879 videretur.
1580 1812 2131 1903 Primogenitura
2181 1823 2409 1879 autem
2459 1813 2841 1881 introducta
2865 1862 2884 1898 ,
2953 1832 3154 1879 num-

560 1933 564 1938 ’
658 1953 864 2020 quam
932 1931 1352 2021 postgenitus
1420 1930 1597 1997 filius
1648 1932 1758 1997 vel
1811 1954 1852 1997 a
1903 1933 2291 2024 postgenito
2360 1932 2685 2000 oriundus
2754 1931 2840 1998 ad
2893 1942 3153 1998 succes-

657 2050 913 2119 sionem
978 2049 1390 2129 admittitur,
1503 2048 1827 2138 quamdiu
1907 2053 2338 2145 antegenitus
2423 2052 2532 2119 vel
2604 2052 2694 2118 ab
2761 2048 3152 2141 antegenito

660 2168 980 2236 oriundus
1037 2166 1248 2235 adest.
1352 2168 1507 2234 Non
1559 2169 1780 2235 solum
1849 2170 2027 2238 filius
2095 2171 2421 2240 maximus
2501 2171 2691 2261 ipse,
2763 2169 2883 2238 sed
2949 2167 3153 2236 etiam

660 2286 807 2378 ejus
858 2287 1033 2354 linea
1090 2287 1156 2352 in
1207 2287 1540 2354 infinitum
1593 2287 1891 2356 excludit
1930 2287 2239 2380 juniores
2276 2290 2535 2374 fratres,
2590 2289 2836 2379 quibus
2890 2297 3153 2354 tantum

660 2426 814 2495 spes
871 2404 1270 2472 succedendi
1323 2405 1523 2472 valde
1598 2418 1860 2475 remota
1928 2408 2353 2497 relinquitur.
2463 2406 2718 2474 Contra
2785 2403 3155 2471 senioratus

654 2529 831 2614 post
882 2514 1111 2588 filium*
1150 2523 1681 2614 primogenitum
1735 2536 2077 2594 mortuum
2130 2547 2265 2592 non
2303 2534 2499 2593 vocat
2534 2522 2621 2591 ad
2672 2521 3153 2591 successionem

659 2639 1096 2731 primogeniti
1146 2640 1413 2728 lineam,
1465 2643 1581 2710 sed
1636 2667 1831 2731 eum,
1886 2646 2008 2736 qui
2056 2656 2201 2713 tum
2253 2645 2438 2712 annis
2486 2644 2812 2711 maximus
2864 2637 2984 2727 est,
3034 2663 3157 2708 ve-

662 2757 1024 2826 risimiliter
1073 2759 1284 2851 igitur
1336 2760 1613 2830 fratrem
1665 2775 2059 2854 sequentem
2109 2763 2292 2856 regis
2343 2763 2664 2831 defuncti.
2720 2760 2893 2829 Cum
2947 2760 3159 2851 igitur

661 2875 1049 2947 introducto
1101 2879 1435 2947 senioratu
1491 2882 1704 2950 multo
1757 2882 1976 2974 major
2028 2905 2183 2974 spes
2239 2879 2640 2950 succedendi
2688 2878 3009 2947 fratribus
3033 2875 3156 2968 ju-

665 2996 967 3065 nioribus
1015 2997 1437 3087 relinquatur
1458 3051 1476 3085 ,
1548 3001 1885 3070 conditori
1962 3001 2134 3095 legis
2207 3000 2647 3070 successoriae
2704 2997 2946 3065 certius
2997 3018 3161 3086 spe-

663 3140 818 3184 rare
866 3116 1023 3185 licet
1078 3117 1266 3203 fore,
1340 3130 1417 3188 ut
1467 3133 1626 3211 post
1677 3144 1865 3190 suam
1946 3131 2236 3190 mortem
2306 3118 2681 3212 postgeniti
2730 3117 2851 3185 tali
2900 3137 3163 3184 succes-

666 3234 864 3303 sionis
916 3235 1061 3327 legi
1111 3259 1181 3304 se
1232 3236 1610 3327 subjiciant,
1666 3260 1843 3326 quae
1894 3238 2087 3305 fratri
2123 3238 2585 3327 primogenito
2622 3236 2933 3305 concedit
2967 3256 3165 3326 prae-

666 3354 1046 3447 rogativam
1097 3376 1298 3422 mere
1337 3356 1840 3446 personalem.
1942 3354 2173 3421 Multa
2239 3352 2450 3444 igitur
2523 3355 2841 3447 exempla
2909 3362 3166 3422 exstant

667 3471 738 3535 in
787 3470 1066 3541 historia
1121 3472 1527 3540 familiarum
1575 3471 1960 3556 illustrium,
2017 3472 2265 3562 quibus
2314 3474 2487 3566 legis
2524 3474 3165 3544 successoriae‘con·

671 3585 850 3653 ditor
903 3588 1058 3678 (qui
1107 3590 1396 3681 prim-us
1446 3589 1949 3679 successionem,
2004 3614 2212 3680 quam
2249 3585 2589 3677 vocamus,
2643 3589 3166 3658 individualem

672 3704 982 3773 omnibus
1036 3705 1466 3776 divisionibus
1520 3708 1760 3794 vetitis,
1818 3710 2254 3801 praescribit)
2308 3710 2613 3801 praefert
2663 3708 3167 3799 primogenitu-

673 3827 792 3890 rae
843 3821 1290 3910 senioratum,
1365 3827 1630 3920 quippe
1701 3829 1821 3919 qui
1889 3830 2114 3923 'magis
2181 3837 2419 3920 parcat
2490 3823 2639 3919 spei
2691 3849 2769 3894 ac
2818 3823 3166 3895 desideriis

675 3940 1227 4034 postgenitorum
1250 3938 1339 4013 ⁷¹.

842 4061 970 4152 ’3)
1023 4059 1185 4131 Sine
1237 4064 1448 4134 dubio
1517 4066 2057 4159 primogenitura
2131 4064 2391 4155 optima
2459 4064 2527 4131 in
2594 4085 2971 4156 regnorum
3022 4086 3170 4132 suc·

676 4179 970 4249 cessione
1019 4203 1259 4253 norma
1331 4195 1469 4271 est,
1559 4208 1735 4275 quae
1803 4183 2293 4253 immutabilem
2363 4205 2441 4249 ac
2510 4192 2762 4252 certam
2830 4182 3173 4253 constituit

678 4309 1084 4390 agnatorum
1135 4304 1374 4373 seriem
1428 4313 1635 4393 atque
1685 4304 2041 4372 maximam
2109 4301 2530 4373 successionis
2583 4302 2873 4397 praebet
2922 4301 3178 4372 securi-
