3530 5132
1620 233 1661 297 9
1775 315 1778 316 f

599 410 848 479 Eidem
899 408 1196 478 familiae
1230 409 1485 503 regiae,
1540 412 1650 482 cui
1683 411 1753 479 in
1779 409 1990 479 Dacia
2014 407 2167 503 jam
2197 409 2552 502 parebant,
2604 410 2895 481 Vandali

389 529 685 600 fideliter
736 529 1203 599 adhaerebant
1239 553 1363 620 per
1401 553 1636 599 omues
1671 530 2130 622 migrationes»,
2183 553 2312 622 per
2365 540 2467 599 tot
2517 529 2898 600 discrimina

395 672 647 736 rerum,
707 672 926 738 usque
975 649 1064 718 ad
1115 650 1427 718 ultimum
1482 649 1676 742 regni
1730 650 1935 718 diem.

594 783 1058 854 Dracontius
1112 797 1357 878 poeta,
1423 786 1542 876 qui
1592 782 2135 856 Gunthamundo
2187 806 2355 875 rege
2402 783 2474 851 in
2524 783 2756 852 Africa
2794 786 2893 876 vi,-

390 905 618 989 vebat‚
673 902 968 972 familiae
1019 905 1254 997 regiae
1308 904 1722 973 vandalicae
1774 904 2070 997 gloriam
2120 903 2215 970 ita
2265 903 2662 994 praedicatt

800 1104 923 1177 „Ut
968 1106 1069 1181 qui
1114 1105 1278 1164 sacta
1322 1105 1544 1166 ducum
1587 1124 1826 1192 possem
1873 1124 2122 1164 narrare
2166 1123 2459 1181 meorum,

884 1206 1153 1267 Nominis
1196 1210 1522 1287 Ascle‘nyui
1566 1207 1726 1268 bella
1769 1208 2270 1286 triumphigera.“

394 1377 743 1447 Dracontii
792 1378 1156 1448 satisfactio
1214 1404 1278 1447 v·
1322 1379 1448 1448 22.
1503 1379 1732 1448 Carm.
1790 1379 1900 1447 ed.
1954 1379 2254 1447 Arevalo
2308 1402 2381 1470 p.
2425 1376 2598 1447 371.

595 1515 658 1582 A
684 1515 1016 1583 Luxorio
1055 1525 1265 1606 poeta
1301 1517 1683 1585 nominatur
1722 1515 2125 1607 „Carthago
2147 1514 2513 1607 Asdingis
2534 1512 2892 1606 genitrix“‚

391 1655 546 1700 cum
614 1634 747 1700 hac
817 1632 884 1700 in
955 1635 1127 1701 urbe
1196 1636 1427 1726 regiae
1497 1636 1790 1704 familiae
1855 1636 2307 1705 incunnabula
2376 1646 2613 1702 essent.
2707 1631 2896 1699 Bur-

391 1774 635 1830 mann,
709 1752 992 1821 Anthol.
1045 1753 1139 1838 ΙΙ,
1194 1755 1369 1822 629.
1455 1756 1699 1845 Neque
1749 1778 1791 1822 a
1842 1756 2175 1847 dignitate
2241 1777 2361 1822 sna
2412 1752 2702 1821 alienum
2756 1774 2896 1842 pu-

392 1871 560 1939 tavit
595 1871 1053 1957 AthalaricuS‚
1113 1871 1705 1965 ostrogothorum
1740 1897 1885 1959 rex,
1944 1896 2342 1965 comparare
2393 1895 2579 1941 suam
2635 1869 2896 1962 regiam

390 1990 713 2057 familiam
766 2014 920 2058 cum
975 1991 1437 2060 vandalorum
1489 2004 1698 2083 gente
1748 1994 1978 2085 regia:

598 2125 1007 2210 „Hilderico
1057 2127 1243 2218 Regi
1295 2126 1764 2195 Vandalorum
1825 2127 2258 2194 Athalaricus
2311 2127 2465 2193 Rex
2490 2171 2713 2192 ......
2820 2124 2895 2189 Si

387 2242 566 2312 inter
586 2243 1232 2340 Hasdiringorum
1274 2245 1866 2337 (Hasdingorum)
1903 2246 2185 2337 stirpem
2221 2243 2650 2313 retinuissetis
2670 2242 2895 2311 Amali

387 2362 732 2453 sanguinis
782 2387 1208 2457 purpuream
1261 2364 1743 2456 dignitatem.“
1799 2363 2100 2433 Cassiod.
2154 2365 2321 2434 Var.
2362 2363 2482 2448 IX,
2537 2364 2585 2431 l.

596 2496 774 2568 Cum
823 2509 984 2592 post
1034 2501 1378 2570 interitum
1429 2499 1670 2594 regni,
1744 2500 2053 2570 Gelimer
2124 2501 2396 2571 ultimus
2449 2522 2569 2566 rex
2618 2497 2878 2565 Vanda-

390 2618 617 2687 lorum
671 2618 1263 2713 Constantinopoli
1315 2643 1445 2712 per
1496 2620 1930 2713 triumphum
1982 2621 2385 2706 duceretur,
2463 2641 2621 2688 eum
2668 2614 2894 2688 homi-

388 2761 526 2825 neS‚
581 2738 701 2829 qui
755 2737 1062 2832 Astiagi
1111 2740 1656 2841 nominabantur,
1709 2741 1922 2809 secuti
1971 2750 2163 2809 sunt:

598 2874 986 2971 ,,Γελίμερα
1018 2869 1229 2945 αὑτὸν
1277 2874 1394 2946 σὺν
1441 2881 1592 2952 τοῖς
1639 2874 1938 2964 ἐνδόξοις(
1972 2879 2097 2946 τοῦ
2140 2874 2402 2953 ἔθνους,
2451 2872 2574 2979 οξς
2609 2872 2895 2942 ἐκάλουν

391 2991 943 3080 Ἀστὶγγους
992 2999 1054 3060 οἱ
1090 2993 1511 3086 βάρβαροι.“
1577 2993 1818 3081 Lydus
1872 2993 1959 3059 de
2009 2993 2393 3083 magistrat.
2446 2991 2570 3075 111,
2604 2989 2727 3059 55.

598 3124 972 3214 Procopius
1016 3126 1108 3212 ΙΙ,
1152 3126 1226 3193 2.
1271 3137 1497 3193 autem
1561 3135 1792 3194 narrat
1860 3149 2016 3194 eum
2083 3125 2431 3193 Gelimere
2497 3147 2665 3216 rege
2734 3146 2898 3214 pro-

392 3244 686 3335 pinquos
754 3266 1022 3330 omne3‚
1092 3245 1227 3330 „rb
1281 3244 1608 3334 ξυγγενὲς
1653 3243 1912 3330 ἄποιν’,
1985 3268 2114 3337 per
2183 3244 2612 3335 triumphum
2661 3242 2899 3311 ductos

395 3386 572 3448 esse,
644 3363 825 3432 unde
878 3364 1140 3449 elucet,
1194 3364 1574 3456 Asdingos,
1645 3387 1686 3431 a
1735 3364 1944 3453 Lydo
1997 3372 2596 3448 commemoratos,
2668 3361 2901 3459 regiae

394 3481 690 3550 familiae
740 3482 1176 3575 propinquos
1226 3482 1447 3567 fuisse,
1503 3483 1621 3573 qui
1678 3484 1847 3555 alias
1898 3482 2090 3577 apud
2126 3481 2469 3551 Vandalos
2522 3462 2899 3574 „lwtxpao‘v‘

392 3611 743 3671 vocantur.
772 3637 872 3652 —-

598 3736 848 3831 Primis
920 3736 1349 3829 temporibus
1415 3735 1621 3805 etiam
1688 3737 1881 3829 apud
1949 3735 2294 3807 Vandalos
2355 3737 2626 3831 plures
2697 3737 2902 3806 duces

400 3855 638 3924 eodem
693 3866 1008 3947 tempore
1059 3855 1441 3949 regnabant
1463 3845 1555 3940 4³,
1627 3857 1875 3946 quibus
1949 3856 2287 3926 interdum
2365 3858 2565 3925 etiam
2633 3857 2903 3950 regium

392 3997 645 4043 nomen
695 3976 1020 4045 tribuitur
1046 3966 1139 4043 4⁶.
1245 3974 1387 4042 Sed
1438 3975 1528 4041 ab
1580 3996 1665 4042 eo
1716 3985 2073 4067 tempore,
2146 3998 2287 4066 quo
2339 3976 2577 4046 relicta
2627 3975 2904 4043 Panno—

400 4094 547 4176 nia,
619 4094 913 4162 Vandali
981 4095 1418 4187 insigniorem
1488 4094 1713 4162 locum
1784 4094 1959 4163 inter
2025 4096 2328 4186 populos
2382 4095 2692 4163 obtinere
2742 4093 2904 4160 inci-

399 4213 702 4305 piebant,
753 4213 880 4282 uni
930 4214 1083 4306 regi
1134 4235 1407 4305 semper
1460 4213 1819 4305 parebant,
1873 4235 1999 4280 nec
2051 4235 2374 4303 umquam
2428 4211 2903 4283 divisionibus

397 4332 618 4402 unitas
668 4331 863 4423 regni
915 4332 1322 4402 violabatur.
