<?xml version="1.0" encoding="UTF-8"?>
<!DOCTYPE html PUBLIC "-//W3C//DTD XHTML 1.0 Transitional//EN"
    "http://www.w3.org/TR/xhtml1/DTD/xhtml1-transitional.dtd">
<html xmlns="http://www.w3.org/1999/xhtml" xml:lang="en" lang="en">
 <head>
  <title>
</title>
<meta http-equiv="Content-Type" content="text/html;charset=utf-8" />
  <meta name='ocr-system' content='tesseract 3.04.00' />
  <meta name='ocr-capabilities' content='ocr_page ocr_carea ocr_par ocr_line ocrx_word'/>
</head>
<body>
  <div class='ocr_page' id='page_1' title='image "./detestamentogen00schugoog_0022.png"; bbox 0 0 3530 5132; ppageno 0'>
   <div class='ocr_carea' id='block_1_1' title="bbox 1860 205 1941 271">
    <p class='ocr_par' dir='ltr' id='par_1_1' title="bbox 1860 205 1941 271">
     <span class='ocr_line' id='line_1_1' title="bbox 1860 205 1941 271; baseline 0.025 -2"><span class='ocrx_word' id='word_1_1' title='bbox 1860 205 1941 271; x_wconf 69' lang='lat'>12</span> 
     </span>
    </p>
   </div>
   <div class='ocr_carea' id='block_1_2' title="bbox 1739 293 2055 310">
    <p class='ocr_par' dir='ltr' id='par_1_2' title="bbox 1739 293 2055 310">
     <span class='ocr_line' id='line_1_2' title="bbox 1739 293 2055 310; baseline 0 4822"><span class='ocrx_word' id='word_1_2' title='bbox 1739 293 2055 310; x_wconf 95' lang='lat' dir='ltr'> </span> 
     </span>
    </p>
   </div>
   <div class='ocr_carea' id='block_1_3' title="bbox 626 382 3157 4408">
    <p class='ocr_par' dir='ltr' id='par_1_3' title="bbox 629 382 3157 1789">
     <span class='ocr_line' id='line_1_3' title="bbox 633 382 3152 482; baseline -0.001 -25"><span class='ocrx_word' id='word_1_3' title='bbox 633 409 754 482; x_wconf 86' lang='lat' dir='ltr'>ges</span> <span class='ocrx_word' id='word_1_4' title='bbox 820 386 1128 456; x_wconf 79' lang='lat' dir='ltr'><strong>rudiores</strong></span> <span class='ocrx_word' id='word_1_5' title='bbox 1200 384 1438 470; x_wconf 82' lang='lat' dir='ltr'>fuisse,</span> <span class='ocrx_word' id='word_1_6' title='bbox 1517 406 1722 473; x_wconf 81' lang='lat' dir='ltr'>quam</span> <span class='ocrx_word' id='word_1_7' title='bbox 1777 393 1852 456; x_wconf 83' lang='lat' dir='ltr'>ut</span> <span class='ocrx_word' id='word_1_8' title='bbox 1910 383 2016 452; x_wconf 86' lang='lat' dir='ltr'>de.</span> <span class='ocrx_word' id='word_1_9' title='bbox 2049 383 2322 476; x_wconf 83' lang='lat' dir='ltr'>legibus</span> <span class='ocrx_word' id='word_1_10' title='bbox 2376 382 2666 454; x_wconf 86' lang='lat' dir='ltr'>ferendis</span> <span class='ocrx_word' id='word_1_11' title='bbox 2742 395 2956 477; x_wconf 83' lang='lat' dir='ltr'>atque</span> <span class='ocrx_word' id='word_1_12' title='bbox 3008 388 3152 455; x_wconf 82' lang='lat' dir='ltr'>col-</span> 
     </span>
     <span class='ocr_line' id='line_1_4' title="bbox 630 503 3145 600; baseline -0.001 -25"><span class='ocrx_word' id='word_1_13' title='bbox 630 507 921 600; x_wconf 82' lang='lat' dir='ltr'>ligendis</span> <span class='ocrx_word' id='word_1_14' title='bbox 1010 526 1337 594; x_wconf 87' lang='lat' dir='ltr'>umquam</span> <span class='ocrx_word' id='word_1_15' title='bbox 1407 503 1833 595; x_wconf 72' lang='lat' dir='ltr'><strong>cogitassent.</strong></span> <span class='ocrx_word' id='word_1_16' title='bbox 1954 504 2242 572; x_wconf 71' lang='lat' dir='ltr'>Exstant</span> <span class='ocrx_word' id='word_1_17' title='bbox 2324 527 2483 573; x_wconf 88' lang='lat' dir='ltr'>sane</span> <span class='ocrx_word' id='word_1_18' title='bbox 2568 504 2876 597; x_wconf 81' lang='lat' dir='ltr'>singulae</span> <span class='ocrx_word' id='word_1_19' title='bbox 2951 508 3145 598; x_wconf 81' lang='lat' dir='ltr'>leges</span> 
     </span>
     <span class='ocr_line' id='line_1_5' title="bbox 634 619 3154 719; baseline -0.001 -24"><span class='ocrx_word' id='word_1_20' title='bbox 634 628 935 719; x_wconf 78' lang='lat' dir='ltr'><strong>optimae</strong></span> <span class='ocrx_word' id='word_1_21' title='bbox 985 649 1026 692; x_wconf 87' lang='lat' dir='ltr'>a</span> <span class='ocrx_word' id='word_1_22' title='bbox 1079 622 1447 692; x_wconf 85' lang='lat' dir='ltr'>Genserico</span> <span class='ocrx_word' id='word_1_23' title='bbox 1503 619 1791 713; x_wconf 79' lang='lat' dir='ltr'>ejusque</span> <span class='ocrx_word' id='word_1_24' title='bbox 1845 623 2336 691; x_wconf 72' lang='lat' dir='ltr'>successoribus</span> <span class='ocrx_word' id='word_1_25' title='bbox 2384 627 2902 717; x_wconf 80' lang='lat' dir='ltr'>promulgatae,</span> <span class='ocrx_word' id='word_1_26' title='bbox 2974 649 3154 715; x_wconf 86' lang='lat' dir='ltr'>quae</span> 
     </span>
     <span class='ocr_line' id='line_1_6' title="bbox 633 739 3149 837; baseline -0.002 -22"><span class='ocrx_word' id='word_1_27' title='bbox 633 769 674 815; x_wconf 86' lang='lat' dir='ltr'>a</span> <span class='ocrx_word' id='word_1_28' title='bbox 725 744 1166 836; x_wconf 81' lang='lat' dir='ltr'><strong>scriptoribus</strong></span> <span class='ocrx_word' id='word_1_29' title='bbox 1217 741 1602 811; x_wconf 84' lang='lat' dir='ltr'>traduntur.</span> <span class='ocrx_word' id='word_1_30' title='bbox 1706 741 2133 826; x_wconf 86' lang='lat' dir='ltr'>Gensericus‚</span> <span class='ocrx_word' id='word_1_31' title='bbox 2177 739 2328 832; x_wconf 75' lang='lat' dir='ltr'>jam</span> <span class='ocrx_word' id='word_1_32' title='bbox 2381 744 2580 812; x_wconf 83' lang='lat' dir='ltr'>initio</span> <span class='ocrx_word' id='word_1_33' title='bbox 2626 742 2822 837; x_wconf 84' lang='lat' dir='ltr'>regni</span> <span class='ocrx_word' id='word_1_34' title='bbox 2842 793 2861 830; x_wconf 92' lang='lat'>,</span> <span class='ocrx_word' id='word_1_35' title='bbox 2913 755 3149 812; x_wconf 86' lang='lat' dir='ltr'>contra</span> 
     </span>
     <span class='ocr_line' id='line_1_7' title="bbox 631 859 3149 956; baseline -0 -24"><span class='ocrx_word' id='word_1_36' title='bbox 631 863 1119 956; x_wconf 79' lang='lat' dir='ltr'>impudicitiam</span> <span class='ocrx_word' id='word_1_37' title='bbox 1189 861 1654 953; x_wconf 77' lang='lat' dir='ltr'>promulgavit</span> <span class='ocrx_word' id='word_1_38' title='bbox 1727 859 2205 929; x_wconf 73' lang='lat' dir='ltr'>severissimam</span> <span class='ocrx_word' id='word_1_39' title='bbox 2254 862 2480 953; x_wconf 81' lang='lat' dir='ltr'>legem</span> <span class='ocrx_word' id='word_1_40' title='bbox 2504 916 2523 947; x_wconf 89' lang='lat'>,</span> <span class='ocrx_word' id='word_1_41' title='bbox 2629 885 2812 953; x_wconf 84' lang='lat' dir='ltr'>quae</span> <span class='ocrx_word' id='word_1_42' title='bbox 2874 885 2918 929; x_wconf 86' lang='lat' dir='ltr'>a</span> <span class='ocrx_word' id='word_1_43' title='bbox 2990 863 3149 931; x_wconf 84' lang='lat' dir='ltr'>Sal·-</span> 
     </span>
     <span class='ocr_line' id='line_1_8' title="bbox 631 977 3156 1073; baseline -0 -21"><span class='ocrx_word' id='word_1_44' title='bbox 631 984 828 1052; x_wconf 82' lang='lat' dir='ltr'>viano</span> <span class='ocrx_word' id='word_1_45' title='bbox 876 981 1125 1052; x_wconf 85' lang='lat' dir='ltr'>tradita</span> <span class='ocrx_word' id='word_1_46' title='bbox 1146 1031 1166 1067; x_wconf 91' lang='lat'>,</span> <span class='ocrx_word' id='word_1_47' title='bbox 1228 977 1557 1066; x_wconf 75' lang='lat' dir='ltr'>ostendit,</span> <span class='ocrx_word' id='word_1_48' title='bbox 1635 1003 1840 1070; x_wconf 87' lang='lat' dir='ltr'>quam</span> <span class='ocrx_word' id='word_1_49' title='bbox 1920 979 2100 1048; x_wconf 86' lang='lat' dir='ltr'>bene</span> <span class='ocrx_word' id='word_1_50' title='bbox 2178 1003 2300 1048; x_wconf 80' lang='lat' dir='ltr'>rex</span> <span class='ocrx_word' id='word_1_51' title='bbox 2376 1004 2665 1073; x_wconf 87' lang='lat' dir='ltr'>magnus</span> <span class='ocrx_word' id='word_1_52' title='bbox 2699 982 3156 1072; x_wconf 70' lang='lat' dir='ltr'>intellexerit,</span> 
     </span>
     <span class='ocr_line' id='line_1_9' title="bbox 631 1099 3153 1192; baseline 0 -22"><span class='ocrx_word' id='word_1_53' title='bbox 631 1124 898 1170; x_wconf 89' lang='lat' dir='ltr'>morum</span> <span class='ocrx_word' id='word_1_54' title='bbox 985 1099 1446 1192; x_wconf 82' lang='lat' dir='ltr'>integritatem</span> <span class='ocrx_word' id='word_1_55' title='bbox 1526 1123 1898 1192; x_wconf 84' lang='lat' dir='ltr'>regnorum</span> <span class='ocrx_word' id='word_1_56' title='bbox 1987 1123 2131 1170; x_wconf 86' lang='lat' dir='ltr'>esse</span> <span class='ocrx_word' id='word_1_57' title='bbox 2224 1100 2672 1168; x_wconf 78' lang='lat' dir='ltr'>firmissimum</span> <span class='ocrx_word' id='word_1_58' title='bbox 2758 1101 3153 1171; x_wconf 83' lang='lat' dir='ltr'>fundamen·</span> 
     </span>
     <span class='ocr_line' id='line_1_10' title="bbox 630 1214 3157 1315; baseline 0.001 -25"><span class='ocrx_word' id='word_1_59' title='bbox 630 1230 776 1290; x_wconf 89' lang='lat' dir='ltr'>tum</span> <span class='ocrx_word' id='word_1_60' title='bbox 800 1214 890 1289; x_wconf 84' lang='lat'>⁵⁵.</span> <span class='ocrx_word' id='word_1_61' title='bbox 959 1221 1105 1288; x_wconf 87' lang='lat' dir='ltr'>Nec</span> <span class='ocrx_word' id='word_1_62' title='bbox 1153 1242 1288 1287; x_wconf 88' lang='lat' dir='ltr'>non</span> <span class='ocrx_word' id='word_1_63' title='bbox 1338 1242 1584 1310; x_wconf 82' lang='lat' dir='ltr'>pravas</span> <span class='ocrx_word' id='word_1_64' title='bbox 1634 1220 2145 1290; x_wconf 84' lang='lat' dir='ltr'>consuetudines</span> <span class='ocrx_word' id='word_1_65' title='bbox 2194 1217 2265 1287; x_wconf 80' lang='lat' dir='ltr'>in</span> <span class='ocrx_word' id='word_1_66' title='bbox 2317 1219 2491 1287; x_wconf 81' lang='lat' dir='ltr'>ludis</span> <span class='ocrx_word' id='word_1_67' title='bbox 2542 1221 2945 1292; x_wconf 80' lang='lat' dir='ltr'>circensibus</span> <span class='ocrx_word' id='word_1_68' title='bbox 2995 1226 3157 1315; x_wconf 86' lang='lat' dir='ltr'>lege</span> 
     </span>
     <span class='ocr_line' id='line_1_11' title="bbox 630 1328 3142 1433; baseline 0 -24"><span class='ocrx_word' id='word_1_69' title='bbox 630 1341 881 1409; x_wconf 86' lang='lat' dir='ltr'>tollere</span> <span class='ocrx_word' id='word_1_70' title='bbox 945 1338 1202 1408; x_wconf 78' lang='lat' dir='ltr'>studuit</span> <span class='ocrx_word' id='word_1_71' title='bbox 1223 1328 1313 1408; x_wconf 79' lang='lat'>⁵⁶.</span> <span class='ocrx_word' id='word_1_72' title='bbox 1383 1339 1612 1408; x_wconf 89' lang='lat' dir='ltr'>Etiam</span> <span class='ocrx_word' id='word_1_73' title='bbox 1662 1340 1854 1433; x_wconf 89' lang='lat' dir='ltr'>leges</span> <span class='ocrx_word' id='word_1_74' title='bbox 1909 1359 1950 1407; x_wconf 83' lang='lat' dir='ltr'>a</span> <span class='ocrx_word' id='word_1_75' title='bbox 1990 1339 2338 1408; x_wconf 81' lang='lat' dir='ltr'>Genserici</span> <span class='ocrx_word' id='word_1_76' title='bbox 2387 1342 2874 1410; x_wconf 83' lang='lat' dir='ltr'>successoribus</span> <span class='ocrx_word' id='word_1_77' title='bbox 2907 1342 3142 1411; x_wconf 88' lang='lat' dir='ltr'>condi-</span> 
     </span>
     <span class='ocr_line' id='line_1_12' title="bbox 632 1458 3151 1551; baseline 0 -24"><span class='ocrx_word' id='word_1_78' title='bbox 632 1470 745 1527; x_wconf 85' lang='lat' dir='ltr'>tae</span> <span class='ocrx_word' id='word_1_79' title='bbox 810 1458 900 1526; x_wconf 85' lang='lat' dir='ltr'>ad</span> <span class='ocrx_word' id='word_1_80' title='bbox 968 1479 1090 1529; x_wconf 86' lang='lat' dir='ltr'>nos</span> <span class='ocrx_word' id='word_1_81' title='bbox 1160 1469 1656 1550; x_wconf 80' lang='lat' dir='ltr'>pervenerunt,</span> <span class='ocrx_word' id='word_1_82' title='bbox 1731 1460 2131 1550; x_wconf 82' lang='lat' dir='ltr'>praesertim</span> <span class='ocrx_word' id='word_1_83' title='bbox 2204 1460 2322 1528; x_wconf 81' lang='lat' dir='ltr'>illa</span> <span class='ocrx_word' id='word_1_84' title='bbox 2389 1460 2499 1527; x_wconf 86' lang='lat' dir='ltr'>lex</span> <span class='ocrx_word' id='word_1_85' title='bbox 2569 1461 2936 1547; x_wconf 87' lang='lat' dir='ltr'>Hunerici,</span> <span class='ocrx_word' id='word_1_86' title='bbox 3012 1482 3151 1551; x_wconf 79' lang='lat' dir='ltr'>qua</span> 
     </span>
     <span class='ocr_line' id='line_1_13' title="bbox 631 1578 3155 1671; baseline 0 -24"><span class='ocrx_word' id='word_1_87' title='bbox 631 1600 860 1647; x_wconf 83' lang='lat' dir='ltr'>omnes</span> <span class='ocrx_word' id='word_1_88' title='bbox 906 1578 975 1646; x_wconf 90' lang='lat' dir='ltr'>in</span> <span class='ocrx_word' id='word_1_89' title='bbox 1024 1578 1311 1647; x_wconf 86' lang='lat' dir='ltr'>Arianos</span> <span class='ocrx_word' id='word_1_90' title='bbox 1348 1579 1449 1645; x_wconf 32' lang='lat' dir='ltr'>*ab</span> <span class='ocrx_word' id='word_1_91' title='bbox 1475 1580 2001 1670; x_wconf 85' lang='lat' dir='ltr'>imperatoribus</span> <span class='ocrx_word' id='word_1_92' title='bbox 2084 1590 2367 1648; x_wconf 85' lang='lat' dir='ltr'>statutas</span> <span class='ocrx_word' id='word_1_93' title='bbox 2398 1604 2673 1671; x_wconf 88' lang='lat' dir='ltr'>poenas,</span> <span class='ocrx_word' id='word_1_94' title='bbox 2718 1580 2882 1671; x_wconf 81' lang='lat' dir='ltr'>jure</span> <span class='ocrx_word' id='word_1_95' title='bbox 2931 1594 3155 1649; x_wconf 86' lang='lat' dir='ltr'>retor-</span> 
     </span>
     <span class='ocr_line' id='line_1_14' title="bbox 629 1694 2926 1789; baseline 0 -24"><span class='ocrx_word' id='word_1_96' title='bbox 629 1698 850 1782; x_wconf 83' lang='lat' dir='ltr'>sionis,</span> <span class='ocrx_word' id='word_1_97' title='bbox 900 1698 970 1764; x_wconf 89' lang='lat' dir='ltr'>in</span> <span class='ocrx_word' id='word_1_98' title='bbox 1042 1720 1165 1766; x_wconf 91' lang='lat' dir='ltr'>suo</span> <span class='ocrx_word' id='word_1_99' title='bbox 1240 1720 1458 1789; x_wconf 86' lang='lat' dir='ltr'>regno</span> <span class='ocrx_word' id='word_1_100' title='bbox 1516 1699 1583 1763; x_wconf 88' lang='lat' dir='ltr'>in</span> <span class='ocrx_word' id='word_1_101' title='bbox 1646 1698 2017 1766; x_wconf 84' lang='lat' dir='ltr'>catholicos</span> <span class='ocrx_word' id='word_1_102' title='bbox 2075 1698 2482 1767; x_wconf 57' lang='lat' dir='ltr'>coercendos</span> <span class='ocrx_word' id='word_1_103' title='bbox 2532 1699 2817 1767; x_wconf 82' lang='lat' dir='ltr'>adhibet</span> <span class='ocrx_word' id='word_1_104' title='bbox 2840 1694 2926 1766; x_wconf 82' lang='lat'>⁵⁷.</span> 
     </span>
    </p>

    <p class='ocr_par' dir='ltr' id='par_1_4' title="bbox 628 1816 3153 3703">
     <span class='ocr_line' id='line_1_15' title="bbox 838 1816 3148 1909; baseline 0.001 -26"><span class='ocrx_word' id='word_1_105' title='bbox 838 1816 1260 1903; x_wconf 86' lang='lat' dir='ltr'>Gensericus,</span> <span class='ocrx_word' id='word_1_106' title='bbox 1312 1816 1509 1908; x_wconf 87' lang='lat' dir='ltr'>regni</span> <span class='ocrx_word' id='word_1_107' title='bbox 1561 1817 1892 1903; x_wconf 88' lang='lat' dir='ltr'>conditor,</span> <span class='ocrx_word' id='word_1_108' title='bbox 1945 1817 2205 1909; x_wconf 81' lang='lat' dir='ltr'>regiam</span> <span class='ocrx_word' id='word_1_109' title='bbox 2260 1818 2635 1909; x_wconf 81' lang='lat' dir='ltr'>potentiam</span> <span class='ocrx_word' id='word_1_110' title='bbox 2670 1830 2807 1887; x_wconf 86' lang='lat' dir='ltr'>tam</span> <span class='ocrx_word' id='word_1_111' title='bbox 2849 1818 3148 1903; x_wconf 82' lang='lat' dir='ltr'>adauxit,</span> 
     </span>
     <span class='ocr_line' id='line_1_16' title="bbox 629 1935 3147 2028; baseline 0 -23"><span class='ocrx_word' id='word_1_112' title='bbox 629 1945 731 2005; x_wconf 50' lang='lat' dir='ltr'>ut¹</span> <span class='ocrx_word' id='word_1_113' title='bbox 766 1936 972 2005; x_wconf 86' lang='lat' dir='ltr'>etiam</span> <span class='ocrx_word' id='word_1_114' title='bbox 1026 1937 1262 2028; x_wconf 86' lang='lat' dir='ltr'>legum</span> <span class='ocrx_word' id='word_1_115' title='bbox 1335 1935 1770 2003; x_wconf 81' lang='lat' dir='ltr'>ferendarum</span> <span class='ocrx_word' id='word_1_116' title='bbox 1846 1946 2257 2028; x_wconf 84' lang='lat' dir='ltr'>potestatem</span> <span class='ocrx_word' id='word_1_117' title='bbox 2325 1937 2469 2004; x_wconf 87' lang='lat' dir='ltr'>sine</span> <span class='ocrx_word' id='word_1_118' title='bbox 2519 1937 2769 2028; x_wconf 85' lang='lat' dir='ltr'>populi</span> <span class='ocrx_word' id='word_1_119' title='bbox 2821 1959 3147 2005; x_wconf 83' lang='lat' dir='ltr'>consensu</span> 
     </span>
     <span class='ocr_line' id='line_1_17' title="bbox 630 2054 3143 2149; baseline -0 -25"><span class='ocrx_word' id='word_1_120' title='bbox 630 2056 1000 2125; x_wconf 84' lang='lat' dir='ltr'>exercuisse</span> <span class='ocrx_word' id='word_1_121' title='bbox 1050 2054 1388 2124; x_wconf 77' lang='lat' dir='ltr'>videatur.</span> <span class='ocrx_word' id='word_1_122' title='bbox 1436 2057 1653 2125; x_wconf 89' lang='lat' dir='ltr'>Nullo</span> <span class='ocrx_word' id='word_1_123' title='bbox 1705 2056 1886 2124; x_wconf 85' lang='lat' dir='ltr'>enim</span> <span class='ocrx_word' id='word_1_124' title='bbox 1937 2057 2094 2131; x_wconf 91' lang='grc'>1000</span> <span class='ocrx_word' id='word_1_125' title='bbox 2128 2056 2488 2124; x_wconf 84' lang='lat' dir='ltr'>concilium</span> <span class='ocrx_word' id='word_1_126' title='bbox 2524 2057 2773 2149; x_wconf 84' lang='lat' dir='ltr'>populi</span> <span class='ocrx_word' id='word_1_127' title='bbox 2813 2067 2930 2126; x_wconf 83' lang='lat' dir='ltr'>aut</span> <span class='ocrx_word' id='word_1_128' title='bbox 2976 2063 3143 2148; x_wconf 84' lang='lat' dir='ltr'>pro-</span> 
     </span>
     <span class='ocr_line' id='line_1_18' title="bbox 631 2175 3142 2268; baseline 0 -24"><span class='ocrx_word' id='word_1_129' title='bbox 631 2198 863 2244; x_wconf 87' lang='lat' dir='ltr'>cerum</span> <span class='ocrx_word' id='word_1_130' title='bbox 921 2176 990 2243; x_wconf 92' lang='lat' dir='ltr'>in</span> <span class='ocrx_word' id='word_1_131' title='bbox 1037 2176 1498 2244; x_wconf 78' lang='lat' dir='ltr'>vandalorum</span> <span class='ocrx_word' id='word_1_132' title='bbox 1552 2198 1776 2268; x_wconf 86' lang='lat' dir='ltr'>regno</span> <span class='ocrx_word' id='word_1_133' title='bbox 1827 2183 2423 2245; x_wconf 80' lang='lat' dir='ltr'>commemoratur.</span> <span class='ocrx_word' id='word_1_134' title='bbox 2524 2178 2752 2262; x_wconf 75' lang='lat' dir='ltr'>Quam</span> <span class='ocrx_word' id='word_1_135' title='bbox 2804 2175 3142 2267; x_wconf 85' lang='lat' dir='ltr'>majorem</span> 
     </span>
     <span class='ocr_line' id='line_1_19' title="bbox 629 2294 3134 2388; baseline -0.001 -24"><span class='ocrx_word' id='word_1_136' title='bbox 629 2305 1039 2387; x_wconf 84' lang='lat' dir='ltr'>potestatem</span> <span class='ocrx_word' id='word_1_137' title='bbox 1064 2294 1465 2364; x_wconf 87' lang='lat' dir='ltr'>Gensericus</span> <span class='ocrx_word' id='word_1_138' title='bbox 1515 2296 1645 2363; x_wconf 88' lang='lat' dir='ltr'>sibi</span> <span class='ocrx_word' id='word_1_139' title='bbox 1696 2319 2123 2388; x_wconf 85' lang='lat' dir='ltr'>comparasse</span> <span class='ocrx_word' id='word_1_140' title='bbox 2170 2296 2458 2381; x_wconf 85' lang='lat' dir='ltr'>videtur,</span> <span class='ocrx_word' id='word_1_141' title='bbox 2500 2318 2827 2386; x_wconf 83' lang='lat' dir='ltr'>oppressa</span> <span class='ocrx_word' id='word_1_142' title='bbox 2883 2318 3134 2387; x_wconf 89' lang='lat' dir='ltr'>proce-</span> 
     </span>
     <span class='ocr_line' id='line_1_20' title="bbox 631 2414 3141 2505; baseline 0 -24"><span class='ocrx_word' id='word_1_143' title='bbox 631 2436 788 2482; x_wconf 89' lang='lat' dir='ltr'>rum</span> <span class='ocrx_word' id='word_1_144' title='bbox 834 2437 1113 2486; x_wconf 83' lang='lat' dir='ltr'>suorum</span> <span class='ocrx_word' id='word_1_145' title='bbox 1163 2414 1654 2504; x_wconf 87' lang='lat' dir='ltr'>conjuratione,</span> <span class='ocrx_word' id='word_1_146' title='bbox 1711 2415 1833 2501; x_wconf 86' lang='lat' dir='ltr'>qui</span> <span class='ocrx_word' id='word_1_147' title='bbox 1884 2415 2066 2505; x_wconf 86' lang='lat' dir='ltr'>regis</span> <span class='ocrx_word' id='word_1_148' title='bbox 2117 2416 2577 2499; x_wconf 87' lang='lat' dir='ltr'>voluntatem,</span> <span class='ocrx_word' id='word_1_149' title='bbox 2634 2414 2923 2503; x_wconf 86' lang='lat' dir='ltr'>antiquo</span> <span class='ocrx_word' id='word_1_150' title='bbox 2964 2414 3141 2481; x_wconf 87' lang='lat' dir='ltr'>Ger-</span> 
     </span>
     <span class='ocr_line' id='line_1_21' title="bbox 628 2531 3143 2623; baseline 0.001 -23"><span class='ocrx_word' id='word_1_151' title='bbox 628 2533 892 2601; x_wconf 87' lang='lat' dir='ltr'>manico</span> <span class='ocrx_word' id='word_1_152' title='bbox 949 2553 1180 2616; x_wconf 86' lang='lat' dir='ltr'>more,</span> <span class='ocrx_word' id='word_1_153' title='bbox 1254 2533 1454 2601; x_wconf 84' lang='lat' dir='ltr'>etiam</span> <span class='ocrx_word' id='word_1_154' title='bbox 1506 2532 1575 2597; x_wconf 92' lang='lat' dir='ltr'>in</span> <span class='ocrx_word' id='word_1_155' title='bbox 1626 2554 1843 2623; x_wconf 85' lang='lat' dir='ltr'>regno</span> <span class='ocrx_word' id='word_1_156' title='bbox 1913 2554 2141 2623; x_wconf 87' lang='lat' dir='ltr'>nuper</span> <span class='ocrx_word' id='word_1_157' title='bbox 2193 2532 2509 2618; x_wconf 78' lang='lat' dir='ltr'>conditu,</span> <span class='ocrx_word' id='word_1_158' title='bbox 2588 2531 3143 2602; x_wconf 84' lang='lat' dir='ltr'>circumscribere</span> 
     </span>
     <span class='ocr_line' id='line_1_22' title="bbox 628 2634 3142 2744; baseline 0.001 -24"><span class='ocrx_word' id='word_1_159' title='bbox 628 2651 1029 2720; x_wconf 85' lang='lat' dir='ltr'>studuerunt</span> <span class='ocrx_word' id='word_1_160' title='bbox 1082 2634 1292 2739; x_wconf 84' lang='lat' dir='ltr'>atque</span> <span class='ocrx_word' id='word_1_161' title='bbox 1342 2652 1576 2743; x_wconf 86' lang='lat' dir='ltr'>regiae</span> <span class='ocrx_word' id='word_1_162' title='bbox 1631 2652 1958 2743; x_wconf 85' lang='lat' dir='ltr'>potestati</span> <span class='ocrx_word' id='word_1_163' title='bbox 2010 2651 2474 2721; x_wconf 79' lang='lat' dir='ltr'>extendendae</span> <span class='ocrx_word' id='word_1_164' title='bbox 2514 2676 2589 2721; x_wconf 89' lang='lat' dir='ltr'>se</span> <span class='ocrx_word' id='word_1_165' title='bbox 2638 2665 3142 2744; x_wconf 84' lang='lat' dir='ltr'>opposuerunt.</span> 
     </span>
     <span class='ocr_line' id='line_1_23' title="bbox 632 2769 3142 2862; baseline 0 -23"><span class='ocrx_word' id='word_1_166' title='bbox 632 2769 886 2839; x_wconf 86' lang='lat' dir='ltr'>Occisis</span> <span class='ocrx_word' id='word_1_167' title='bbox 937 2792 1156 2861; x_wconf 89' lang='lat' dir='ltr'>paene</span> <span class='ocrx_word' id='word_1_168' title='bbox 1208 2769 1556 2857; x_wconf 72' lang='lat' dir='ltr'>omnibuS,</span> <span class='ocrx_word' id='word_1_169' title='bbox 1627 2773 1746 2862; x_wconf 91' lang='lat' dir='ltr'>qui</span> <span class='ocrx_word' id='word_1_170' title='bbox 1813 2773 1987 2839; x_wconf 89' lang='lat' dir='ltr'>inter</span> <span class='ocrx_word' id='word_1_171' title='bbox 2040 2771 2397 2841; x_wconf 85' lang='lat' dir='ltr'>Vandalos.</span> <span class='ocrx_word' id='word_1_172' title='bbox 2451 2772 2808 2840; x_wconf 89' lang='lat' dir='ltr'>nobilitate</span> <span class='ocrx_word' id='word_1_173' title='bbox 2860 2774 3142 2841; x_wconf 82' lang='lat' dir='ltr'>excelle·</span> 
     </span>
     <span class='ocr_line' id='line_1_24' title="bbox 630 2879 3153 2985; baseline 0.002 -29"><span class='ocrx_word' id='word_1_174' title='bbox 630 2890 798 2957; x_wconf 89' lang='lat' dir='ltr'>bant</span> <span class='ocrx_word' id='word_1_175' title='bbox 818 2879 924 2976; x_wconf 82' lang='lat'>⁵⁸,</span> <span class='ocrx_word' id='word_1_176' title='bbox 1003 2889 1400 2958; x_wconf 85' lang='lat' dir='ltr'>Gensericus</span> <span class='ocrx_word' id='word_1_177' title='bbox 1452 2914 1741 2983; x_wconf 86' lang='lat' dir='ltr'>regnum</span> <span class='ocrx_word' id='word_1_178' title='bbox 1796 2915 2013 2974; x_wconf 85' lang='lat' dir='ltr'>suum,</span> <span class='ocrx_word' id='word_1_179' title='bbox 2070 2891 2334 2959; x_wconf 90' lang='lat' dir='ltr'>nemine</span> <span class='ocrx_word' id='word_1_180' title='bbox 2384 2891 2821 2982; x_wconf 89' lang='lat' dir='ltr'>prohibente,</span> <span class='ocrx_word' id='word_1_181' title='bbox 2877 2892 3153 2985; x_wconf 81' lang='lat' dir='ltr'>legibus</span> 
     </span>
     <span class='ocr_line' id='line_1_25' title="bbox 632 3007 3153 3104; baseline 0.001 -27"><span class='ocrx_word' id='word_1_182' title='bbox 632 3007 951 3077; x_wconf 86' lang='lat' dir='ltr'>ordinare</span> <span class='ocrx_word' id='word_1_183' title='bbox 998 3011 1248 3101; x_wconf 88' lang='lat' dir='ltr'>potuit.</span> <span class='ocrx_word' id='word_1_184' title='bbox 1350 3011 1466 3078; x_wconf 92' lang='lat' dir='ltr'>Ab</span> <span class='ocrx_word' id='word_1_185' title='bbox 1534 3011 1672 3079; x_wconf 88' lang='grc'>1100</span> <span class='ocrx_word' id='word_1_186' title='bbox 1741 3020 2056 3103; x_wconf 88' lang='lat' dir='ltr'>tempore</span> <span class='ocrx_word' id='word_1_187' title='bbox 2107 3011 2288 3104; x_wconf 85' lang='lat' dir='ltr'>regis</span> <span class='ocrx_word' id='word_1_188' title='bbox 2341 3022 2641 3102; x_wconf 87' lang='lat' dir='ltr'>potestas</span> <span class='ocrx_word' id='word_1_189' title='bbox 2689 3020 2833 3078; x_wconf 85' lang='lat' dir='ltr'>tam</span> <span class='ocrx_word' id='word_1_190' title='bbox 2882 3012 3153 3080; x_wconf 84' lang='lat' dir='ltr'>firmata</span> 
     </span>
     <span class='ocr_line' id='line_1_26' title="bbox 632 3130 3151 3225; baseline 0.002 -28"><span class='ocrx_word' id='word_1_191' title='bbox 632 3141 797 3216; x_wconf 86' lang='lat' dir='ltr'>erat,</span> <span class='ocrx_word' id='word_1_192' title='bbox 852 3139 928 3198; x_wconf 90' lang='lat' dir='ltr'>ut</span> <span class='ocrx_word' id='word_1_193' title='bbox 979 3152 1342 3220; x_wconf 88' lang='lat' dir='ltr'>procerum</span> <span class='ocrx_word' id='word_1_194' title='bbox 1395 3133 1765 3200; x_wconf 85' lang='lat' dir='ltr'>auctoritas</span> <span class='ocrx_word' id='word_1_195' title='bbox 1815 3134 2023 3225; x_wconf 89' lang='lat' dir='ltr'>plane</span> <span class='ocrx_word' id='word_1_196' title='bbox 2074 3140 2520 3199; x_wconf 83' lang='lat' dir='ltr'>evanesceret.</span> <span class='ocrx_word' id='word_1_197' title='bbox 2593 3130 2730 3197; x_wconf 88' lang='lat' dir='ltr'>Hic</span> <span class='ocrx_word' id='word_1_198' title='bbox 2779 3152 2900 3198; x_wconf 87' lang='lat' dir='ltr'>rex</span> <span class='ocrx_word' id='word_1_199' title='bbox 2916 3131 3151 3224; x_wconf 63' lang='lat' dir='ltr'>igitur,</span> 
     </span>
     <span class='ocr_line' id='line_1_27' title="bbox 629 3251 3146 3341; baseline 0.001 -25"><span class='ocrx_word' id='word_1_200' title='bbox 629 3272 838 3340; x_wconf 92' lang='lat' dir='ltr'>penes</span> <span class='ocrx_word' id='word_1_201' title='bbox 877 3273 1082 3338; x_wconf 91' lang='lat' dir='ltr'>quem</span> <span class='ocrx_word' id='word_1_202' title='bbox 1106 3272 1312 3319; x_wconf 90' lang='lat' dir='ltr'>unum</span> <span class='ocrx_word' id='word_1_203' title='bbox 1349 3273 1429 3317; x_wconf 89' lang='lat' dir='ltr'>ac</span> <span class='ocrx_word' id='word_1_204' title='bbox 1451 3252 1670 3319; x_wconf 88' lang='lat' dir='ltr'>solum</span> <span class='ocrx_word' id='word_1_205' title='bbox 1705 3252 1939 3341; x_wconf 85' lang='lat' dir='ltr'>legum</span> <span class='ocrx_word' id='word_1_206' title='bbox 1974 3251 2406 3318; x_wconf 84' lang='lat' dir='ltr'>serendarum</span> <span class='ocrx_word' id='word_1_207' title='bbox 2444 3260 2746 3338; x_wconf 83' lang='lat' dir='ltr'>potestas</span> <span class='ocrx_word' id='word_1_208' title='bbox 2769 3260 2940 3334; x_wconf 86' lang='lat' dir='ltr'>erat,</span> <span class='ocrx_word' id='word_1_209' title='bbox 2994 3274 3146 3319; x_wconf 87' lang='lat' dir='ltr'>mea</span> 
     </span>
     <span class='ocr_line' id='line_1_28' title="bbox 631 3367 3144 3461; baseline -0 -24"><span class='ocrx_word' id='word_1_210' title='bbox 631 3367 909 3459; x_wconf 85' lang='lat' dir='ltr'>quidem</span> <span class='ocrx_word' id='word_1_211' title='bbox 961 3370 1324 3453; x_wconf 86' lang='lat' dir='ltr'>sententia,</span> <span class='ocrx_word' id='word_1_212' title='bbox 1393 3369 1527 3435; x_wconf 89' lang='lat' dir='ltr'>hac</span> <span class='ocrx_word' id='word_1_213' title='bbox 1576 3379 1919 3459; x_wconf 84' lang='lat' dir='ltr'>potestate</span> <span class='ocrx_word' id='word_1_214' title='bbox 1968 3390 2123 3437; x_wconf 85' lang='lat' dir='ltr'>usus</span> <span class='ocrx_word' id='word_1_215' title='bbox 2176 3376 2311 3455; x_wconf 89' lang='lat' dir='ltr'>est,</span> <span class='ocrx_word' id='word_1_216' title='bbox 2365 3377 2444 3438; x_wconf 87' lang='lat' dir='ltr'>ut</span> <span class='ocrx_word' id='word_1_217' title='bbox 2496 3369 2702 3438; x_wconf 88' lang='lat' dir='ltr'>totius</span> <span class='ocrx_word' id='word_1_218' title='bbox 2755 3370 2949 3461; x_wconf 89' lang='lat' dir='ltr'>regni</span> <span class='ocrx_word' id='word_1_219' title='bbox 3003 3380 3144 3437; x_wconf 86' lang='lat' dir='ltr'>sta-</span> 
     </span>
     <span class='ocr_line' id='line_1_29' title="bbox 630 3485 3141 3579; baseline 0 -25"><span class='ocrx_word' id='word_1_220' title='bbox 630 3497 775 3556; x_wconf 90' lang='lat' dir='ltr'>tum</span> <span class='ocrx_word' id='word_1_221' title='bbox 828 3488 989 3579; x_wconf 85' lang='lat' dir='ltr'>lege</span> <span class='ocrx_word' id='word_1_222' title='bbox 1038 3487 1523 3558; x_wconf 84' lang='lat' dir='ltr'>fundamentali</span> <span class='ocrx_word' id='word_1_223' title='bbox 1574 3486 1961 3573; x_wconf 88' lang='lat' dir='ltr'>ordinaret,</span> <span class='ocrx_word' id='word_1_224' title='bbox 2016 3485 2207 3576; x_wconf 89' lang='lat' dir='ltr'>quod</span> <span class='ocrx_word' id='word_1_225' title='bbox 2261 3510 2344 3554; x_wconf 86' lang='lat' dir='ltr'>ex</span> <span class='ocrx_word' id='word_1_226' title='bbox 2393 3487 2499 3556; x_wconf 85' lang='lat' dir='ltr'>his</span> <span class='ocrx_word' id='word_1_227' title='bbox 2531 3489 2762 3557; x_wconf 79' lang='lat' dir='ltr'>verbis</span> <span class='ocrx_word' id='word_1_228' title='bbox 2809 3489 3141 3579; x_wconf 87' lang='lat' dir='ltr'>Procopii</span> 
     </span>
     <span class='ocr_line' id='line_1_30' title="bbox 631 3604 1698 3703; baseline 0.01 -32"><span class='ocrx_word' id='word_1_229' title='bbox 631 3604 967 3697; x_wconf 84' lang='lat' dir='ltr'>conjicio:</span> <span class='ocrx_word' id='word_1_230' title='bbox 1688 3693 1698 3703; x_wconf 22' lang='grc' dir='ltr'><em>ι</em></span> 
     </span>
    </p>

    <p class='ocr_par' dir='ltr' id='par_1_5' title="bbox 626 3722 3142 4408">
     <span class='ocr_line' id='line_1_31' title="bbox 834 3722 3129 3820; baseline 0.001 -28"><span class='ocrx_word' id='word_1_231' title='bbox 834 3723 1127 3818; x_wconf 71' lang='grc' dir='ltr'>,,Χρο’νον</span> <span class='ocrx_word' id='word_1_232' title='bbox 1167 3727 1237 3793; x_wconf 75' lang='grc' dir='ltr'>δὲ</span> <span class='ocrx_word' id='word_1_233' title='bbox 1289 3725 1521 3814; x_wconf 78' lang='grc' dir='ltr'>ὀλίγον</span> <span class='ocrx_word' id='word_1_234' title='bbox 1555 3728 1926 3820; x_wconf 68' lang='grc' dir='ltr'><em>Γιζέρεχος</em></span> <span class='ocrx_word' id='word_1_235' title='bbox 1968 3725 2278 3810; x_wconf 66' lang='grc' dir='ltr'>ἐπιβιοὺς</span> <span class='ocrx_word' id='word_1_236' title='bbox 2314 3724 2655 3809; x_wconf 73' lang='grc' dir='ltr'>ἐτελεύτα,</span> <span class='ocrx_word' id='word_1_237' title='bbox 2723 3722 2948 3820; x_wconf 68' lang='grc' dir='ltr'><em>πόρρω</em></span> <span class='ocrx_word' id='word_1_238' title='bbox 2995 3753 3129 3795; x_wconf 82' lang='grc' dir='ltr'>που</span> 
     </span>
     <span class='ocr_line' id='line_1_32' title="bbox 630 3840 3136 3940; baseline 0.001 -28"><span class='ocrx_word' id='word_1_239' title='bbox 630 3842 752 3935; x_wconf 67' lang='grc' dir='ltr'>ἤδη</span> <span class='ocrx_word' id='word_1_240' title='bbox 799 3841 1066 3934; x_wconf 68' lang='grc' dir='ltr'><strong><em>ἡλικίας</em></strong></span> <span class='ocrx_word' id='word_1_241' title='bbox 1103 3840 1281 3935; x_wconf 66' lang='grc' dir='ltr'>ἥκων</span> <span class='ocrx_word' id='word_1_242' title='bbox 1320 3844 1651 3938; x_wconf 65' lang='grc' dir='ltr'>διαθήκας</span> <span class='ocrx_word' id='word_1_243' title='bbox 1690 3846 2102 3940; x_wconf 67' lang='grc' dir='ltr'><em>διαθέμενος,</em></span> <span class='ocrx_word' id='word_1_244' title='bbox 2166 3845 2247 3914; x_wconf 75' lang='grc' dir='ltr'>ἐν</span> <span class='ocrx_word' id='word_1_245' title='bbox 2294 3845 2436 3920; x_wconf 77' lang='grc' dir='ltr'>αἷς</span> <span class='ocrx_word' id='word_1_246' title='bbox 2482 3842 2728 3912; x_wconf 65' lang='grc' dir='ltr'>ἄλλα</span> <span class='ocrx_word' id='word_1_247' title='bbox 2781 3875 2875 3914; x_wconf 75' lang='grc' dir='ltr'>τε</span> <span class='ocrx_word' id='word_1_248' title='bbox 2931 3845 3136 3914; x_wconf 73' lang='grc' dir='ltr'>πάλ-</span> 
     </span>
     <span class='ocr_line' id='line_1_33' title="bbox 628 3961 3135 4056; baseline 0 -26"><span class='ocrx_word' id='word_1_249' title='bbox 628 3962 737 4030; x_wconf 79' lang='grc' dir='ltr'>λα</span> <span class='ocrx_word' id='word_1_250' title='bbox 789 3961 1284 4038; x_wconf 79' lang='grc' dir='ltr'><em>Βανδίλοις</em></span> <span class='ocrx_word' id='word_1_251' title='bbox 1352 3961 1817 4056; x_wconf 67' lang='grc' dir='ltr'>ἐπέσκηψε</span> <span class='ocrx_word' id='word_1_252' title='bbox 1872 3963 2151 4055; x_wconf 45' lang='lat' dir='ltr'>&gt;cah-3211</span> <span class='ocrx_word' id='word_1_253' title='bbox 2208 3964 2568 4047; x_wconf 80' lang='grc' dir='ltr'><em>βασιλείαν</em></span> <span class='ocrx_word' id='word_1_254' title='bbox 2629 3963 2726 4032; x_wconf 72' lang='grc' dir='ltr'>ἀεὶ</span> <span class='ocrx_word' id='word_1_255' title='bbox 2784 3965 3135 4032; x_wconf 79' lang='grc' dir='ltr'>Βανδίλιυν</span> 
     </span>
     <span class='ocr_line' id='line_1_34' title="bbox 631 4075 3132 4177; baseline 0.002 -29"><span class='ocrx_word' id='word_1_256' title='bbox 631 4080 715 4155; x_wconf 75' lang='grc' dir='ltr'>ἐς</span> <span class='ocrx_word' id='word_1_257' title='bbox 749 4083 995 4150; x_wconf 74' lang='grc' dir='ltr'>τοῦτον</span> <span class='ocrx_word' id='word_1_258' title='bbox 1025 4083 1209 4165; x_wconf 78' lang='grc' dir='ltr'><strong><em>ἰέναι,</em></strong></span> <span class='ocrx_word' id='word_1_259' title='bbox 1261 4079 1337 4157; x_wconf 82' lang='grc' dir='ltr'>ὃς</span> <span class='ocrx_word' id='word_1_260' title='bbox 1374 4078 1452 4149; x_wconf 71' lang='grc' dir='ltr'>ἂν</span> <span class='ocrx_word' id='word_1_261' title='bbox 1490 4081 1561 4150; x_wconf 79' lang='grc' dir='ltr'>ἐκ</span> <span class='ocrx_word' id='word_1_262' title='bbox 1600 4081 1808 4169; x_wconf 79' lang='grc' dir='ltr'><strong><em>γόνου</em></strong></span> <span class='ocrx_word' id='word_1_263' title='bbox 1839 4080 2112 4177; x_wconf 70' lang='grc' dir='ltr'><strong><em>ἄρρενος</em></strong></span> <span class='ocrx_word' id='word_1_264' title='bbox 2167 4075 2359 4168; x_wconf 59' lang='lat' dir='ltr'>‹xo-550</span> <span class='ocrx_word' id='word_1_265' title='bbox 2399 4085 2750 4176; x_wconf 69' lang='grc' dir='ltr'><strong><em>Γιζερίχςυ</em></strong></span> <span class='ocrx_word' id='word_1_266' title='bbox 2803 4083 2986 4152; x_wconf 70' lang='grc' dir='ltr'>κατὰ</span> <span class='ocrx_word' id='word_1_267' title='bbox 3026 4087 3132 4170; x_wconf 68' lang='grc' dir='ltr'>’γέ-</span> 
     </span>
     <span class='ocr_line' id='line_1_35' title="bbox 629 4193 3142 4294; baseline 0.001 -28"><span class='ocrx_word' id='word_1_268' title='bbox 629 4224 741 4275; x_wconf 84' lang='grc' dir='ltr'>νος</span> <span class='ocrx_word' id='word_1_269' title='bbox 778 4201 1125 4293; x_wconf 71' lang='grc' dir='ltr'><em>προς-ἥκων</em></span> <span class='ocrx_word' id='word_1_270' title='bbox 1178 4202 1452 4294; x_wconf 72' lang='grc' dir='ltr'><em>πρῶτος</em></span> <span class='ocrx_word' id='word_1_271' title='bbox 1492 4196 1580 4271; x_wconf 68' lang='grc' dir='ltr'>ὢν</span> <span class='ocrx_word' id='word_1_272' title='bbox 1621 4196 1937 4272; x_wconf 75' lang='grc' dir='ltr'>ἁπάντων</span> <span class='ocrx_word' id='word_1_273' title='bbox 1976 4204 2110 4270; x_wconf 74' lang='grc' dir='ltr'>τῶν</span> <span class='ocrx_word' id='word_1_274' title='bbox 2150 4193 2371 4270; x_wconf 72' lang='grc' dir='ltr'>αὐτοῦ</span> <span class='ocrx_word' id='word_1_275' title='bbox 2434 4199 2783 4290; x_wconf 71' lang='grc' dir='ltr'>ξυγγενῶν</span> <span class='ocrx_word' id='word_1_276' title='bbox 2829 4201 2947 4294; x_wconf 62' lang='grc' dir='ltr'>τὴν</span> <span class='ocrx_word' id='word_1_277' title='bbox 2990 4201 3142 4294; x_wconf 69' lang='grc' dir='ltr'>ἣλι-</span> 
     </span>
     <span class='ocr_line' id='line_1_36' title="bbox 626 4312 1105 4408; baseline 0.006 -23"><span class='ocrx_word' id='word_1_278' title='bbox 626 4321 773 4394; x_wconf 64' lang='lat' dir='ltr'>&gt;clav</span> <span class='ocrx_word' id='word_1_279' title='bbox 814 4312 1105 4408; x_wconf 74' lang='grc' dir='ltr'>τύχοι.“</span> 
     </span>
    </p>
   </div>
  </div>
 </body>
</html>
