3530 5132
1861 235 1902 298 8

631 422 699 496 in
774 416 1120 488 Pannonia
1190 395 1567 506 assignavit.
1660 412 1908 501 Ibique
1957 412 2246 483 Vandali
2317 423 2776 483 remanserunt
2827 437 2957 505 per
3008 411 3137 481 Lx

634 561 838 608 annos
867 527 957 606 3⁴«
1037 535 1296 623 Quinto
1367 531 1637 602 saeculo
1704 533 1977 602 ineunte
2026 533 2093 600 in
2149 533 2583 603 Germaniam
2651 530 3150 601 occidentalem*

629 657 1011 750 progressi,
1091 652 1378 722 Vandali
1432 674 1587 720 cum
1639 651 1871 719 Alanis
1923 662 1994 719 et
2048 650 2285 720 Suevis
2328 651 2552 744 juncti
2603 652 2903 719 Francos
2961 675 3138 743 pro-

630 780 957 869 {ligavere
1007 796 1258 865 magno
1332 771 1602 864 proelio
1672 781 1879 861 atque
1946 771 2268 842 Rhenum
2336 772 2703 840 transivere
2755 794 2818 839 a.
2872 770 3023 840 406
3046 760 3138 838 ³⁵.

633 896 863 964 Gallia
927 915 1055 985 per
1124 902 1261 960 tres
1331 913 1542 959 annos
1610 876 2012 976 devastata,
2067 890 2359 960 Vandali
2430 901 2499 960 et
2550 890 2754 958 Alani
2805 901 2874 957 et
2926 887 3136 965 Suevi

629 1013 1030 1104 Rispaniam
1082 1019 1588 1103 occupaverunt
1675 1032 1966 1100 eamque
2015 1009 2189 1078 inter
2241 1033 2314 1079 se
2365 1009 2772 1094 diviserunt,
2852 1009 3139 1076 Gallae->-

630 1134 800 1202 ciam
853 1128 1146 1201 Vandali
1198 1140 1268 1199 et
1320 1108 1567 1215 Suevi,
1642 1128 1846 1197 Alani
1916 1129 2336 1199 Lusitaniam
2389 1140 2457 1199 et
2510 1127 3138 1220 Carthaginiensem

629 1251 1051 1344 provinciam
1104 1259 1175 1318 et
1207 1246 1501 1316 Vandali
1534 1247 1940 1342 cognomine
1974 1247 2224 1343 Silingi
2259 1249 2609 1317 Baeticam
2631 1249 2851 1316 sortiti
2871 1261 3024 1317 sunt
3045 1238 3137 1316 3⁶.

634 1372 701 1440 A
754 1370 1049 1455 wallia,
1103 1367 1629 1459 visigothorum
1680 1390 1889 1461 rege,
1942 1368 2145 1436 Alani
2198 1379 2353 1449 sunt
2402 1369 2497 1436 ita
2555 1367 2930 1452 debilitati,
3008 1377 3138 1452 „ut

630 1490 854 1585 pauci,
908 1489 1028 1580 qui
1077 1487 1577 1578 superfuerant,
1617 1486 1991 1555 Gunderici
2013 1480 2018 1483 ’
2040 1489 2223 1580 regis
2245 1487 2598 1556 Vandalici
2635 1487 3016 1579 patrocinio
3066 1509 3139 1554 se

630 1607 1127 1700 subjugarent“
1154 1595 1221 1644 3⁷
1273 1615 1342 1674 et
1376 1629 1530 1674 cum
1552 1605 1873 1674 Vandalis
1906 1629 2116 1675 unum
2141 1608 2481 1698 populum
2520 1606 2889 1691 efficerent,
2930 1629 3140 1694 quam

633 1729 727 1796 ob
780 1746 1077 1794 caussam
1134 1746 1335 1816 reges
1385 1723 1851 1794 Vandalorum
1920 1725 2007 1791 ab
2060 1725 2197 1792 hoc
2247 1736 2562 1817 tempore
2614 1747 2813 1818 reges
2864 1725 3138 1815 Vanda-

630 1846 859 1914 lorum
910 1853 980 1912 et
1029 1843 1408 1912 Alanorum
1460 1844 1993 1935 appellabantur
2025 1831 2116 1910 3⁸.

836 1961 1129 2032 Vandali
1181 1983 1335 2029 cum
1389 1961 1628 2033 Suevis
1679 1961 1912 2032 vicinis
1969 1971 2322 2049 certantes,
2378 1963 2615 2031 relicta
2668 1961 3011 2049 Galaecia,
3048 1963 3146 2033 ad.

632 2083 984 2154 Baeticam
1034 2080 1438 2151 transierunt
1463 2073 1564 2167 ³⁹3
1614 2082 1814 2168 inde,
1886 2081 2243 2152 Bonifacio
2267 2133 2287 2171 ,
2339 2083 2613 2151 Africae
2664 2079 2948 2172 comite,
2981 2105 3138 2151 sua·-

634 2203 862 2289 dente,
917 2200 1226 2271 Africam
1275 2201 1579 2271 invasere
1632 2202 1858 2293 (429)
1878 2191 1971 2270 4⁰.

836 2322 900 2390 A
953 2320 1273 2390 Vandalis
1325 2321 1615 2413 proprie
1664 2321 1859 2389 dictis
1912 2319 2418 2412 distinguuntur
2480 2321 2802 2391 Vandali
2853 2342 3138 2414 cogno-

633 2439 824 2508 mine
875 2429 1262 2531 Silingi4¹‚
1318 2439 1440 2527 qui
1492 2439 1656 2507 olim
1707 2437 2103 2529 provinciae
2149 2430 2429 2504 Silesiae
2479 2460 2725 2505 nomen
2776 2439 3136 2508 dederunt.

631 2556 1036 2649 Principalis
1085 2579 1166 2623 ac
1219 2553 1440 2645 major
1509 2556 1762 2647 populi
1815 2577 1973 2646 pars
2028 2554 2549 2650 Asdz‘ngorum
2615 2557 2885 2626 nomine
2939 2582 3137 2627 orna-

632 2678 838 2745 batur
855 2666 949 2742 42.
1035 2676 1180 2742 Nec
1230 2674 1475 2743 mirum
1512 2673 1830 2760 videtur,
1905 2674 2095 2764 quod
2166 2675 2404 2743 eadem
2472 2678 2890 2768 appellatiO,
2962 2700 3140 2768 quae

633 2794 816 2888 parti
869 2792 1074 2862 totius
1127 2794 1454 2879 nationis,
1510 2794 1712 2861 etiam
1763 2793 2059 2862 familiae
2110 2796 2344 2888 regiae
2396 2796 2544 2864 κατ’
2592 2795 2847 2889 ἐξοχὴν
2892 2798 3138 2865 tribui-

632 2927 769 2984 tur.
820 2914 1065 3003 Neque
1099 2913 1350 2983 desunt
1392 2913 1728 3005 exempla,
1782 2934 1961 3004 quae
2013 2913 2281 3000 docent,
2335 2913 2526 3006 apud
2579 2913 2957 2983 Germanos
2989 2939 3135 2985 sae·

635 3033 792 3128 pius
826 3035 1115 3125 ,populo
1167 3056 1414 3103 nomen
1474 3013 1786 3102 ¹familiae
1849 3034 2085 3126 regiae
2150 3032 2439 3103 inditum
2509 3056 2647 3102 esse
2665 3024 2773 3117 433
2840 3038 3139 3127 populus

639 3154 815 3232 enim
868 3154 1284 3245 opinabatur
1333 3178 1405 3223 se
1457 3152 1967 3244 quodammodo
2019 3153 2511 3246 repraesentari
2564 3154 2818 3223 familia
2870 3180 2988 3225 sua
3021 3179 3135 3224 re-

636 3275 776 3368 gia,
830 3274 1005 3341 inter
1063 3274 1325 3342 nobiles
1374 3273 1807 3341 nobilissima.
2729 3291 2732 3292 ’

841 3391 1084 3460 Multis
1138 3391 1528 3459 testimoniis
1605 3388 2138 3478 comprobatur,
2217 3409 2463 3457 omnes
2513 3389 2981 3462 Vandalorum
3033 3416 3140 3459 re·

640 3532 802 3601 ges,
875 3510 962 3576 ab
1017 3507 1484 3598 antiquissimis
1559 3504 1987 3597 temporibus
2063 3527 2280 3595 usque
2347 3507 2434 3577 ad
2500 3508 2846 3579 interitum
2920 3513 3137 3603 regni,

638 3636 892 3697 sumtos
944 3649 1101 3694 esse,
1137 3649 1221 3695 ex
1271 3626 1466 3719 regia
1515 3624 1982 3717 Asdingorum
2035 3625 2284 3700 familia
2310 3618 2403 3695 44.

840 3744 1226 3814 Jornandes
1272 3744 1364 3813 de
1413 3744 1620 3814 rebus
1671 3743 1929 3813 Geticis
1980 3769 2041 3815 c.
2083 3744 2185 3815 22
2236 3745 2668 3815 Visumarum
2718 3769 2956 3839 regem
3005 3745 3138 3814 hac

639 3886 725 3935 ex
775 3863 1026 3933 familia
1077 3873 1304 3932 ortum
1354 3886 1495 3933 esse
1544 3874 1873 3935 testatur:

846 3982 1245 4070 „Geberich
1314 3981 1746 4074 (Gothorum
1816 3983 1972 4074 rex)
2037 3981 2374 4075 primitias
2440 3981 2638 4075 regni
2708 3983 2809 4052 sui
2861 4004 3021 4053 mox
3071 3985 3142 4053 in

644 4103 1017 4173 Vandalica
1068 4102 1432 4173 extendere
1482 4104 1759 4195 cupiens
1813 4113 2048 4172 contra
2071 4089 2382 4171 Visumar
2416 4123 2655 4171 eorum
2705 4123 2967 4197 regem
2993 4105 3144 4174 As-

646 4224 1052 4318 dingorum
1104 4246 1145 4293 e
1192 4223 1473 4318 stirpe,
1545 4244 1739 4317 quae
1805 4223 1994 4294 inter
2046 4243 2171 4293 eos
2224 4221 2482 4291 eminet
2531 4243 2910 4318 genusque
2962 4224 3142 4295 inde·-

625 4353 772 4416 cm
825 4342 1469 4416 bellicosissimum.
1493 4391 1511 4413 .
1531 4349 1606 4412 ‚⁶⁶
2962 4364 2965 4367 ·
