3530 5132
1464 177 1651 252 ,31

1501 347 1578 448 §-
1638 350 1758 419 12.

525 522 631 580 m:
680 520 762 579 vl
807 519 1082 596 ATQUE
1127 518 1496 578 EFFECTU
1538 497 2219 578 CONSTITUTIONIS
2265 515 2718 579 GENSERICI.

581 707 963 778 Jornandes
1033 708 1212 776 hanc
1278 708 1367 777 de
1434 705 1642 798 hujus
1693 707 1865 801 legis
1916 707 1983 774 vi
2048 716 2256 797 atque
2306 704 2555 776 effectu
2608 717 2871 775 senten-

374 830 537 896 tiam
590 828 895 919 profert:

574 946 832 1033 „Quod
880 943 1265 1035 (Genserici
1314 943 1797 1036 praeceptum)
1869 943 2299 1013 observantes
2350 966 2479 1035 per
2546 966 2872 1013 annorum

375 1066 745 1134 multorum
777 1064 1034 1155 spatia,
1086 1084 1376 1153 regnum
1424 1063 1708 1132 feliciter
1758 1062 2163 1154 possedere,
2228 1084 2354 1131 nec
2403 1062 2596 1154 quod
2644 1063 2715 1131 in
2764 1087 2872 1133 re·

377 1184 585 1274 liquis
637 1184 955 1276 gentibus
1007 1182 1291 1267 adsolet,
1344 1181 1656 1251 intestino
1707 1182 1896 1250 bello
1950 1181 2205 1250 foedati
2254 1192 2409 1253 sunt
2457 1204 2719 1273 suoque
2755 1206 2873 1252 or-

375 1303 533 1370 dine
583 1325 752 1371 unus
804 1312 964 1394 post
1013 1324 1224 1372 unum
1274 1301 1636 1393 suscipiens
1685 1323 2015 1393 regnum,
2066 1301 2136 1367 in
2185 1324 2358 1393 pace
2409 1300 2691 1393 populis
2739 1301 2871 1369 im-

376 1424 776 1511 perarunt.“
879 1422 1080 1488 Jorn.
1135 1443 1194 1487 c.
1249 1419 1373 1487 33.
2071 1421 2081 1430 ’

558 1539 792 1634 ⁴Recte
844 1536 1121 1628 quidem
1166 1537 1548 1605 Jornandes
1588 1535 1893 1628 judicat,
1949 1535 2297 1605 Genserici
2330 1537 2870 1607 constitutionem

373 1656 662 1725 multum
714 1657 1072 1725 contulisse
1125 1655 1211 1723 ad
1263 1653 1793 1724 conservandum
1824 1653 2283 1724 vandalorum
2314 1678 2625 1748 regnum.
2683 1656 2870 1725 Gen-

371 1776 618 1844 sericus
672 1777 848 1844 enim
903 1798 1052 1842 eam
1107 1772 1575 1866 promulgavit
1624 1774 1801 1841 bene
1853 1773 2273 1865 intelligenS,
2352 1775 2651 1865 primum
2692 1773 2867 1867 juris

373 1894 632 1985 publici
683 1893 1095 1961 monarchici
1163 1892 1673 1972 fundamentum
1748 1915 1891 1961 esse
1944 1903 2198 1960 certam
2246 1892 2648 1962 succedendi
2702 1917 2866 1962 nor-

375 1985 573 2078 mam·
605 2012 675 2077 in
725 2013 921 2103 regia
970 2010 1263 2092 familia,
1318 2010 1459 2077 sine
1510 2031 1648 2099 qua
1698 2030 2029 2099 regnum,
2081 2009 2148 2075 in
2206 2010 2444 2098 quovis
2494 2012 2868 2079 successio-

371 2129 470 2197 nis
521 2151 699 2216 casu,
750 2128 1267 2197 dissensionibus
1310 2127 1484 2195 inter
1533 2125 1765 2218 regiae
1815 2125 2108 2194 familiae
2156 2127 2371 2196 socios
2426 2150 2506 2196 ac
2538 2128 2726 2198 bello
2777 2129 2864 2196 ci-

371 2248 490 2316 vili
544 2246 914 2316 obnoxium
966 2257 1159 2315 esset.

574 2365 750 2435 Cum
800 2365 1133 2433 barbarus
1180 2363 1298 2431 ille
1348 2384 1469 2430 rex
1518 2362 1722 2430 talem
1775 2363 2001 2454 legem
2055 2364 2344 2454 posteris
2391 2365 2524 2434 suis
2575 2375 2644 2436 et
2681 2367 2862 2435 Van-

369 2485 683 2553 dalorum
736 2483 1007 2576 populo
1061 2480 1610 2573 praescripserit,
1664 2503 1995 2571 quaerere
2044 2481 2235 2552 nobis
2287 2481 2486 2569 licet,
2541 2507 2661 2553 cur
2710 2487 2861 2552 nul-

368 2606 472 2674 lus
518 2605 891 2695 imperator
943 2603 1312 2686 Romanus,
1365 2622 1450 2667 ne
1502 2597 1978 2671 Constantinus
2027 2600 2327 2692 Magnus
2381 2603 2689 2691 quidem,
2743 2606 2859 2695 qui

368 2722 661 2812 imperio
714 2722 1027 2789 Romano
1081 2741 1261 2788 nova
1310 2717 1748 2789 fundamenta
1804 2717 2038 2810 jacere
2110 2719 2461 2806 studebat,
2538 2745 2860 2813 umquam

368 2854 645 2911 conatus
695 2842 815 2924 sit,
870 2838 1175 2906 ordinem
1226 2834 1626 2907 succedendi
1676 2836 1745 2903 in
1801 2837 2093 2929 imperio
2144 2862 2293 2925 suo,
2368 2840 2528 2931 lege
2575 2841 2646 2909 in
2697 2866 2858 2934 per·

371 2971 653 3053 petuum
705 2959 994 3027 valitura
1060 2967 1178 3026 aut
1245 2964 1498 3024 statuto
1566 2955 1953 3046 gentilicio,
2027 2955 2381 3025 stabilire?
2448 2958 2858 3033 Justinianus

369 3080 516 3169 ipse
537 3128 556 3163 ,
636 3078 755 3167 qui
827 3074 1108 3144 novellis
1163 3072 1281 3165 jus
1351 3070 1750 3141 succedendi
1807 3072 2289 3166 privatorum
2356 3083 2496 3142 tam
2548 3092 2858 3150 accurate

367 3196 695 3281 excoluit,
749 3194 868 3286 qui
920 3193 1178 3286 optime
1229 3189 1416 3260 novit
1477 3190 1821 3260 Genserici
1874 3193 2101 3285 legem
2152 3195 2660 3283 successoriam,
2737 3197 2855 3288 qui

366 3315 718 3383 admonuit
768 3312 1183 3381 Gelimerem
1203 3361 1225 3396 ,
1302 3334 1387 3379 ne
1437 3310 1725 3379 violaret
1779 3312 2205 3402 proauctoris
2253 3322 2578 3382 statutum
2627 3318 2855 3408 genti-

366 3434 633 3518 licium,
686 3444 911 3500 tamen
962 3451 1332 3519 numquam
1385 3428 1733 3497 Genserici
1792 3430 2182 3522 exemplum
2231 3430 2479 3500 imitari
2528 3449 2629 3500 ac·
2658 3434 2853 3503 simili

365 3553 625 3619 ratione
676 3551 745 3616 in
820 3570 942 3617 suo
1021 3545 1312 3638 imperio
1364 3548 1845 3617 successionem
1897 3548 2212 3618 ordinare
2263 3551 2607 3642 cogitavit.
2712 3552 2853 3620 Sed

368 3669 558 3761 quod
620 3692 660 3737 e
743 3676 974 3736 nostra
1041 3664 1446 3733 Germanica
1511 3667 1858 3757 cogitandi
1923 3667 2184 3737 ratione
2250 3669 2492 3740 mirum
2562 3670 2852 3757 videtur,

361 3789 434 3857 id
493 3811 578 3857 ex
629 3786 919 3856 Romani
969 3783 1240 3876 imperii
1293 3793 1533 3851 natura
1581 3782 1781 3852 facile
1830 3785 2253 3880 intelligitur.

534 3907 879 3991 ¹Romani,
934 3926 1229 4001 quorum
1279 3901 1627 3995 ingenium
1678 3903 1748 3969 in
1799 3905 2171 3975 excolendo
2223 3907 2488 3998 privato
2510 3904 2675 3998 jure
2725 3907 2851 3974 ad-

365 4027 719 4113 miramur,
778 4025 1058 4115 antiqua
1107 4022 1424 4091 libertate
1474 4019 1769 4113 perdita,
1826 4024 2020 4092 nnius
2069 4026 2397 4094 voluntati
2450 4038 2520 4094 et
2568 4025 2850 4093 arbitrio

362 4143 672 4237 subjecti,
716 4167 756 4212 e
788 4144 1097 4213 senilium
1128 4141 1554 4235 populorum
1585 4141 2113 4213 rationenovam
2141 4143 2421 4212 civitatis
2438 4143 2726 4211 formam
2742 4143 2848 4210 in-

364 4263 589 4331 venire
639 4284 774 4331 non
824 4270 1163 4353 poterant.
1215 4260 1589 4354 Imperium
1638 4281 1878 4330 eorum
1908 4259 2329 4354 reipublicae
2366 4262 2660 4353 speciem
2701 4262 2850 4355 pri-
