3530 5132
1847 213 1932 279 26

1051 393 1169 463 ΙΙ.
1229 392 2053 464 Gunthamundus
2118 389 2585 460 484—496.

852 515 1169 584 Extincto
1218 511 1590 597 Hunerico‚
1645 509 2221 579 Gunthamundus
2269 510 2730 577 Vandalorum
2779 509 3140 601 imperium

646 635 934 727 adeptus
987 644 1108 702 est.
1198 631 1522 722 Regnum
1590 640 1818 698 autem
1892 629 2186 698 obtinuit
2241 651 2446 721 prae
2517 629 2871 696 Hilderico
2924 629 3142 698 ultimi

647 754 835 846 regis
885 753 1030 820 filio
1057 801 1077 838 ,
1153 749 1341 839 quod
1395 771 1479 816 ex
1537 749 1849 816 omnibus
1925 747 2270 814 Genserici
2344 747 2910 817 descendentibus
2980 758 3141 817 natu

646 873 973 942 maximus
1024 879 1220 937 esset.
1294 866 1504 953 Quod
1535 867 1960 936 successionis
1994 866 2408 957 principium
2444 866 2931 935 accuratissime
2964 868 3138 936 Pro·

647 990 884 1081 copius
935 986 1023 1054 de
1073 988 1240 1054 bell.
1292 986 1520 1055 Vand.
1558 988 1615 1069 Ι,
1649 986 1697 1054 8
1763 985 2122 1055 describitt

855 1106 1468 1198 ,·,Τελευτήσαντος
1507 1106 1575 1172 δὲ
1607 1103 1993 1200 Ὀνωρίχου
2022 1104 2135 1174 *fro
2190 1112 2328 1174 τῶν
2382 1105 2728 1172 Βανῦίλων
2775 1103 3029 1199 κράτος
3070 1105 3140 1182 ἐς

644 1226 1201 1320 Γουνδαμοῦνὸον
1242 1216 1414 1315 ἦλθε
1454 1221 1569 1291 τὸν
1604 1227 2002 1317 Γένςωνος,
2064 1226 2185 1293 τοῦ
2242 1227 2637 1316 Γιζερίχου.
2700 1223 2784 1298 ἐς
2843 1253 2885 1291 α
2918 1219 3020 1292 ὗτ
3045 1223 3075 1291 ὸ
3104 1253 3135 1290 υ

645 1345 810 1438 γὰρ
861 1344 892 1413 ὁ
934 1371 1044 1436 ’χρ
1076 1341 1278 1416 ὄνος
1319 1340 1584 1436 ἔφερε
1641 1342 1749 1411 τὰ
1802 1347 2195 1435 πρωτεῖα
2255 1345 2412 1410 τοῦ
2455 1345 2969 1435 Γιζερίχου
3016 1344 3137 1430 γέ-

643 1493 676 1531 ν
699 1490 730 1531 ο
757 1490 791 1530 υ
819 1491 854 1539 ς
906 1461 1012 1551 (in
1041 1482 1194 1527 eum
1222 1459 1398 1526 enim
1434 1467 1649 1528 aetas
1697 1459 2144 1528 transferebat
2177 1459 2632 1598 principatum
2668 1460 2806 1527 sive
2841 1461 3137 1550 primum

643 1582 868 1648 locum
920 1580 1009 1645 in
1041 1577 1386 1645 Genserici
1437 1599 1753 1668 genere
1755 1580 1803 1616 ‘⁸

847 1696 1245 1766 Rectissime
1293 1694 1673 1786 Procopius
1724 1694 2067 1786 intelligit,
2117 1696 2185 1761 in
2237 1695 2368 1763 hac
2418 1697 2816 1764 succedendi
2875 1699 3139 1767 ratione

642 1839 867 1906 neque
918 1814 1296 1907 graduum,
1367 1835 1591 1903 neque
1641 1813 1899 1898 lineae,
1971 1813 2091 1880 sed
2141 1815 2359 1881 solum
2414 1815 2646 1883 aetatis
2703 1803 3139 1908 praerog-ath

640 1958 792 2004 vam
844 1934 1112 2019 valere,
1178 1931 1274 2000 ita
1317 1940 1395 2001 ut
1443 1931 1511 1998 in
1564 1941 1891 2023 agnatum
1958 1932 2247 2000 maxime
2316 1942 2549 2001 natum
2599 1958 2869 2028 semper
2918 1947 3133 2005 trans-

638 2052 957 2123 ferretur
984 2073 1297 2142 regnum.
1954 2157 1959 2161 ι

1047 2169 1211 2238 ΙΙΙ.
1273 2167 1878 2238 Thrasamun
1913 2168 2091 2238 dus
2162 2169 2627 2240 496—523.

846 2288 1443 2372 GunthamunduS,
1497 2286 1869 2377 implicitus
1927 2289 2191 2374 morbo,
2248 2314 2286 2356 e
2336 2291 2473 2358 vita
2525 2290 2839 2361 discessit.
2894 2292 3132 2387 Habe·

639 2431 756 2477 nas
805 2432 1035 2477 rerum
1087 2408 1397 2498 capessiit
1447 2405 2004 2474 Thrasamundus
2024 2456 2045 2492 ,
2095 2408 2308 2475 frater
2356 2408 2586 2498 ipsius,
2639 2410 2756 2497 qui
2809 2411 3135 2480 maximus

639 2535 799 2596 natu
855 2527 1007 2618 regi
1056 2526 1377 2594 defuncto
1428 2526 1498 2592 in
1548 2524 1841 2615 imperio
1890 2525 2225 2594 successit.
2279 2525 2481 2594 Proc.
2533 2527 2590 2613 Ι,
2630 2526 2702 2595 8.

1047 2643 1185 2711 IV.
1240 2643 1836 2713 Hildericus
1894 2643 2356 2714 523—530.

842 2762 1176 2831 Hilderici
1225 2763 1548 2831 successio
1603 2762 1808 2831 docet
1827 2814 1846 2845 ‚
1921 2787 2126 2852 quam
2192 2764 2421 2832 stricte
2489 2763 2834 2836 Genserici
2885 2769 3134 2835 consti-

637 2881 811 2950 tutio
862 2904 1133 2973 semper
1185 2882 1538 2951 observata
1588 2882 1672 2951 sit
1722 2905 1764 2948 a
1814 2880 2278 2950 vandalorum
2331 2883 2623 2974 populo.
2726 2883 3131 2973 Hildericus,

635 3001 962 3071 Hunerici
1015 3002 1194 3069 filius
1247 3024 1326 3069 ac
1379 3001 1726 3069 Genserici
1778 3023 2015 3092 nepos,
2068 3002 2415 3070 Hunerico
2466 3002 2650 3093 patri
2701 3023 2834 3070 non
2877 3026 3131 3073 succes·

637 3129 837 3207 serat,
892 3120 1010 3189 sed
1064 3121 1150 3189 ab
1203 3130 1498 3210 utroque
1549 3131 1799 3210 patruo
1855 3121 2157 3189 exclusus
2208 3122 2455 3190 fuerat.
2507 3122 2633 3189 His
2686 3132 2911 3191 autem
2944 3145 3133 3191 mor-

637 3239 829 3325 tuis,
877 3238 1027 3330 jam
1077 3241 1225 3332 ipse
1275 3240 1602 3307 maximus
1654 3249 1816 3305 natu
1868 3237 1936 3303 in
1987 3237 2179 3327 regia
2235 3237 2488 3306 familia
2540 3249 2686 3308 erat
2738 3265 2818 3308 ac
2869 3241 3125 3311 Gense-

635 3357 756 3424 rici
808 3357 966 3448 lege
1020 3358 1108 3426 ad
1160 3381 1449 3450 regnum
1503 3355 1892 3424 vocabatur.
1948 3353 2383 3443 Quamquam
2435 3357 2845 3442 Hil‹lericuS‚
2901 3361 3128 3429 arctis·

633 3475 804 3543 nimo
857 3478 1184 3547 amicitiae
1233 3475 1502 3544 vinculo
1555 3473 1821 3563 iunctus
1872 3471 2269 3561 ausoniam,
2291 3504 2308 3510 f
2324 3476 2721 3567 Byzantinis
2789 3478 2980 3546 nimis
3031 3479 3131 3546 fa·

637 3592 846 3662 vebat
896 3618 976 3661 ac
1027 3594 1225 3663 valde
1273 3592 1628 3661 imbecillis
1688 3602 1876 3678 erat,
1951 3602 2175 3662 tamen
2226 3595 2514 3664 Vandali
2559 3584 2909 3665 ‘Genserici
2964 3620 3131 3664 con-

634 3709 961 3779 stitutioni
1031 3712 1497 3779 adhaerebant
1569 3720 1708 3778 tam
1785 3714 2143 3800 tenaciter,
2217 3724 2294 3785 ut
2346 3716 2546 3782 etiam
2618 3713 2769 3783 talis
2840 3715 3130 3783 hominis

634 3828 1113 3898 successionem
1170 3828 1623 3898 admitterent.

918 3957 922 3961 ’
1052 3948 1133 4017 V.
1195 3948 1640 4019 Gelimer
1694 3947 2163 4019 530-534.

841 4060 1003 4153 „³Hv
1048 4070 1116 4139 δέ
1150 4096 1259 4145 τις
1291 4068 1360 4137 ἐν·
1395 4074 1497 4155 τῷ
1533 4071 1906 4161 Γιζερίχου
1953 4071 2119 4157 γένει
2159 4067 2472 4162 Γελίμερ,
2517 4068 2547 4137 ὁ
2592 4064 2962 4162 Γελάριδος
2999 4070 3123 4136 τοῦ

636 4190 983 4279 Γὲνζωνος
1022 4190 1145 4258 w&
1186 4192 1588 4284 Γιζερίχου,
1631 4189 1859 4285 πόρρω
1903 4213 2034 4255 που
2090 4186 2364 4277 ἡλικίας
2424 4184 2603 4279 ἥκων
2643 4186 2815 4281 μετὰ
2857 4184 3130 4279 Ἰλδέρι-

516 4393 521 4396 v
633 4330 790 4390 χον,
833 4303 944 4373 καὶ
982 4305 1090 4373 διὰ
1135 4308 1350 4377 τοῦτο
1395 4305 1710 4396 ἐπίδοξός
1744 4336 1818 4378 τε
1847 4302 1935 4375 ‹Bv
1978 4299 2228 4376 αὖτίκα
2279 4302 2470 4401 μάλα
2509 4304 2576 4383 ἐς
2612 4305 2729 4398 τὴν
2770 4306 3126 4390 βασιλείαν
