3530 5132
1590 174 1669 236 17

385 358 485 418 set
535 366 865 416 successor
920 346 1222 439 legitime
1272 355 1574 414 vocatus.
1679 348 1826 417 Nec
1878 370 2113 418 revera
2167 348 2566 420 Gensericus
2636 353 2877 439 omisit,

382 468 590 537 talem
640 466 949 534 ordinem
997 466 1157 556 lege
1207 487 1327 533 sua
1376 466 1861 556 praescribere.

592 600 769 671 Cum
821 600 911 668 de
959 599 1289 669 electione
1338 601 1521 693 regis
1575 624 1703 693 per
1761 603 2145 694 populum,
2219 602 2338 692 qui
2389 603 2551 672 olim
2604 625 2687 670 ex
2738 613 2884 673 tota

384 722 577 814 regia
627 718 881 789 familia
930 719 1449 788 strenuissimum
1500 721 1845 813 elegerat,
1912 722 2114 789 valde
2178 723 2455 790 adaucta
2503 722 2697 813 regia
2748 746 2885 814 po-

385 850 668 924 testate,
720 860 942 906 sermo
996 860 1136 907 esse
1186 838 1537 928 nequiret:
1590 838 1989 910 Gensericus
2010 891 2032 927 ,
2082 840 2152 908 in
2203 841 2442 909 ordine
2491 841 2887 910 succedendi

385 955 935 1050 praescribendo,
988 956 1244 1028 nullam
1296 958 1645 1026 meliorem
1699 980 2006 1027 normam
2074 960 2267 1050 sequi
2335 959 2603 1050 potuit,
2680 981 2889 1049 quam

385 1078 656 1148 aetatis
695 1075 1357 1169 praerogativam.
1415 1078 1612 1162 Quae
1663 1077 1942 1168 quidem
1974 1099 2127 1147 cum
2166 1077 2439 1147 diversis
2490 1077 2892 1149 succedendi

386 1195 759 1265 rationibus
813 1192 1143 1287 conjungi
1176 1204 1429 1287 potest.

588 1330 764 1398 Tres
815 1339 971 1398 sunt
1019 1329 1438 1421 principales
1506 1331 1901 1401 succedendi
1969 1331 2232 1401 formae
2256 1326 2344 1419 ⁷⁰,
2398 1331 2648 1420 quibus
2700 1342 2888 1401 aeta-

384 1451 468 1518 tis
520 1448 1007 1541 praerogativa
1057 1448 1452 1539 respicitur:

604 1585 683 1675 1)
739 1583 1401 1677 Primogenitura.
1510 1582 1669 1650 Hac
1742 1582 2146 1654 succedendi
2217 1607 2456 1653 norma
2523 1607 2659 1653 non
2726 1608 2890 1677 gra-

385 1708 623 1788 duum,
682 1703 800 1772 sed
852 1703 1067 1770 lineae
1117 1703 1293 1770 ratio
1362 1701 1701 1783 habetur3
1771 1704 2006 1772 aetatis
2072 1703 2550 1797 praerogativa
2617 1701 2892 1791 quidem

385 1826 791 1908 dominatur,
843 1822 961 1888 sed
1012 1821 1186 1889 inter
1238 1823 1418 1889 filios
1469 1820 1857 1908 dumtaxat,
1911 1821 2029 1890 ubi
2083 1845 2243 1891 vero
2287 1824 2463 1890 ultra
2514 1822 2691 1890 filios
2725 1844 2889 1889 cou-

386 1941 713 2012 troversia
764 1939 1103 2032 producta
1155 1948 1276 2015 est,
1334 1949 1479 2007 tum
1530 1941 1767 2008 aetatis
1817 1941 1989 2008 ratio
2043 1963 2181 2008 non
2229 1940 2547 2024 habetur,
2600 1939 2718 2009 sed
2757 1941 2889 2010 loci

388 2086 467 2130 ac
516 2061 755 2128 lineae.
844 2058 1028 2127 Tota
1079 2058 1282 2149 stirps
1333 2065 1497 2124 natu
1547 2056 1819 2148 majoris
1887 2059 2167 2150 stirpem
2234 2067 2395 2124 natu
2447 2056 2721 2125 minoris
2772 2080 2885 2125 ex-

386 2180 622 2249 cludit.

482 2333 487 2334 f
536 2314 623 2405 2)
679 2308 1111 2403 Blajoratus
1142 2285 1352 2379 “sensu
1404 2310 1741 2380 strictiori.
1784 2311 1937 2379 Hac
1971 2309 2372 2379 succedendi
2406 2310 2627 2378 forma
2661 2310 2887 2400 primo

385 2435 559 2504 ratio
628 2433 931 2501 habetur
997 2430 1291 2523 proximi
1365 2431 1654 2522 graduS,
1723 2430 1900 2499 inter
1968 2453 2082 2499 eos
2136 2438 2402 2520 autem,
2469 2429 2590 2516 qui
2643 2429 2886 2498 eodem

382 2553 605 2646 gradu
658 2551 960 2644 gaudent
983 2602 1002 2637 ,
1074 2550 1400 2620 maximus
1451 2559 1613 2618 natu
1665 2547 1753 2617 ad
1806 2548 2279 2619 successionem
2331 2555 2633 2616 vocatur.

593 2688 678 2776 3)
736 2686 1212 2770 Senioratus,
1289 2684 1410 2754 ubi
1476 2706 1697 2774 neque
1764 2684 1982 2752 lineae
2050 2705 2278 2774 neque
2328 2683 2663 2772 graduum
2715 2681 2887 2749 ratio

387 2807 706 2890 habetur,
761 2803 881 2873 sed
932 2804 1078 2871 sola
1128 2804 1605 2896 praerogativa
1658 2803 1894 2872 aetatis
1924 2803 2126 2887 valet,
2179 2802 2273 2869 ita
2322 2809 2405 2908 ut
2453 2823 2537 2868 ex
2587 2800 2888 2875 omnium

385 2937 786 3017 agnatorum
841 2945 1123 2990 numero
1174 2945 1443 3012 semper
1492 2923 1546 2990 is
1595 2931 1895 3006 vocetur,
1950 2921 2071 3010 qui
2120 2931 2284 2989 natu
2335 2917 2659 2988 maximus
2712 2928 2832 2987 est.

585 3060 697 3125 Ex
747 3057 1036 3124 fontium
1086 3054 1481 3124 testimoniis
1529 3063 1848 3146 apparet,
1903 3054 2343 3124 Gensericum
2393 3055 2554 3144 lege
2607 3075 2726 3121 sua
2764 3074 2881 3120 ne-

385 3200 520 3268 que
574 3175 1182 3268 primogenituram
1234 3195 1457 3262 neque
1507 3171 1951 3264 majoratum,
2026 3173 2146 3242 sed
2217 3173 2630 3242 senioratum¹
2690 3169 2881 3236 insti-

380 3297 616 3366 tuisse:

581 3428 974 3520 „iwiomyxps
1029 3426 1137 3495 καὶ
1181 3425 1297 3518 τὴν
1349 3429 1706 3511 ,Βασιλείαν
1756 3429 1855 3497 ἀεὶ
1910 3428 2251 3496 Βανὸίλων
2301 3427 2366 3501 ἐς
2404 3425 2647 3492 τοῦτον
2688 3424 2870 3499 ἰέναι,

377 3551 455 3626 ὃς
514 3546 591 3617 ἂν
651 3549 720 3615 ἐκ
775 3543 980 3634 γόνου
1048 3541 1320 3638 ἅῤῥενος
1374 3539 1567 3631 αὐτῷ
1621 3550 1967 3640 Γιζερίχςυ
2024 3544 2204 3613 κατὰ
2257 3547 2448 3632 ’γένος
2498 3541 2869 3635 προςῆκων.

1874 3666 1903 3683 Ν

375 3673 731 3762 πρῶτος
780 3658 884 3729 (ὃν
931 3659 1343 3729 ἁπάντων
1383 3666 1549 3727 τῶν
1611 3658 1906 3732 αὐτου
1967 3662 2438 3750 ξυγγενῶν
2494 3658 2646 3750 τὴν
2692 3657 2869 3748 ἣλι-

377 3789 583 3852 >clav
646 3778 1024 3868 τύχοι.“
2035 3868 2036 3871 ¹

575 3897 817 3967 Paucis
867 3896 971 3964 his
1025 3895 1245 3963 verbis
1297 3895 1669 3987 Procopius
1744 3904 1957 3963 totam
2030 3897 2258 3989 legem
2309 3891 2703 3964 succedendi
2757 3890 2867 3957 di-

372 4017 609 4086 stincte
661 4014 999 4106 exposuit.

574 4134 805 4202 Primo
837 4129 973 4223 jus
1022 4129 1425 4200 succedendi
1494 4130 2060 4199 circumscribitur
2111 4129 2216 4196 his
2275 4128 2531 4196 verbis:
2602 4123 2685 4210 ,,ὁ“
2695 4152 2729 4200 ς
2784 4121 2862 4191 ἂν

375 4253 445 4320 ἐν.
487 4249 689 4338 ’γόνου
734 4247 1003 4342 ἅῤῥενος
1049 4242 1243 4337 αὐτῷ
1293 4253 1637 4344 Γιζερίχςυ
1682 4248 1862 4317 κατὰ
1907 4250 2098 4335 γένος
2148 4228 2570 4340 προςὴκευν»“
2644 4241 2707 4308 Is
2748 4262 2862 4308 so·

2431 4367 2468 4400 ⁶)

2433 4397 2472 4417 u
