3530 5132
1842 217 1926 284 24

628 406 879 474 παίδων
952 393 1654 496 πρεσβύτατος,
1732 392 2076 481 διεδέξατο
2143 393 2258 485 τὴν
2319 396 2541 487 ἂρχὴν
2571 387 2660 461 ⁷⁷.
2740 392 3126 462 Hunericut

625 522 844 590 filium
897 516 1141 587 habuit
1190 514 1616 583 Hildericum
1670 534 1755 584 ex
1805 512 2115 580 Endocia
2167 534 2382 579 uxore
2402 562 2421 597 ,
2476 511 2618 578 filia
2671 513 3129 581 Valentiniani

625 637 1079 731 imperatoris,
1148 635 1351 702 Proc.
1404 632 1494 699 de
1543 632 1712 700 bell.
1765 629 1988 700 Vand.
2040 631 2095 716 Ι,
2126 629 2197 698 5.
2278 629 2453 698 Cum
2524 642 2749 700 autem
2801 654 2886 699 ex
2938 633 3127 701 Gen-

624 757 818 828 serici
867 758 1027 847 lege
1077 775 1213 821 non
1281 750 1664 820 Hildericus
1736 750 1960 834 filius,
2035 748 2155 817 sed
2204 749 2261 818 is
2308 749 2485 818 inter
2536 772 2767 820 omnes
2816 762 3126 844 agnatos,

627 877 746 966 qui
801 885 1020 942 aetate
1071 871 1396 939 maximus
1466 880 1636 937 esset
1657 920 1677 956 ,
1745 868 1836 936 ad
1907 891 2195 960 regnum
2262 881 2667 939 vocaretur:
2717 870 3125 955 HunericuS,

626 1005 705 1062 nt
754 1014 1047 1083 regnum
1099 990 1190 1057 ad
1238 989 1456 1057 filium
1532 1010 1729 1057 suum
1797 986 2162 1055 transferre
2236 999 2506 1077 posset,
2583 987 3128 1057 constitutionem

625 1110 974 1179 Genserici
1027 1108 1460 1201 perfringere
1510 1106 1793 1175 tentavit
1812 1156 1833 1188 ,
1912 1128 2121 1194 quam
2171 1115 2399 1174 tamen
2450 1107 2680 1198 legem
2729 1106 3130 1180 fundamen-

624 1230 832 1296 talem
883 1250 1142 1296 summa
1195 1227 1454 1317 pietate
1505 1247 1736 1295 omnes
1787 1223 2078 1292 Vandali
2136 1223 2484 1292 observari
2535 1226 2919 1294 voluerunt.

834 1346 1071 1415 Victor
1122 1346 1407 1415 Vitensis
1460 1344 1863 1438 episcopus,
1934 1344 2056 1434 qui
2124 1344 2477 1412 Hunerico
2548 1367 2719 1436 rege
2785 1343 2989 1429 vixit,
3061 1345 3136 1411 in

626 1488 841 1557 opere
891 1466 980 1534 de
1031 1466 1501 1556 persecutione
1553 1463 2019 1532 vandalorum
2059 1459 2156 1549 11,
2187 1462 2232 1533 5
2268 1464 2594 1531 Hunerici
2635 1473 2947 1532 conatum
2975 1486 3130 1529 con·

623 1594 732 1651 tra
783 1583 1131 1652 Genserici
1182 1585 1410 1677 legem
1460 1584 1554 1650 ita
1607 1583 1971 1651 describit:

831 1702 1042 1791 „Ipse
1094 1710 1322 1771 autem
1374 1701 1828 1792 (Hunericus)
1906 1701 2291 1769 desiderans
2362 1711 2522 1792 post
2596 1701 2860 1770 obitum
2934 1721 3127 1768 suum

627 1819 802 1906 filiis,
858 1820 1045 1909 quod
1098 1843 1235 1888 non
1286 1820 1594 1913 contigit,
1647 1842 1938 1911 regnum
2006 1829 2345 1888 statuere:
2417 1819 2927 1888 Theodericum
2978 1819 3120 1886 fra-

626 1948 801 2005 trem
852 1939 1169 2030 filiosque
1221 1937 1367 2029 ejus
1419 1939 1888 2030 Gentonisque
1938 1938 2162 2008 fratris
2239 1935 2674 2007 nihilominus
2742 1939 2917 2006 lilios
2968 1962 3125 2006 cru-

628 2057 872 2125 delitet
923 2058 1155 2151 coepit
1203 2058 1489 2148 insequi.
1543 2061 1859 2146 Quorum
1911 2061 2174 2127 nullum
2212 2058 2605 2146 dimitteret,
2660 2058 2782 2126 nisi
2834 2059 2894 2126 ei
2947 2050 3126 2126 mors

629 2174 941 2243 desiderii
983 2177 1082 2244 sui
1133 2177 1555 2247 voluntatem
1607 2179 1928 2246 auferret.
1998 2177 2234 2246 Primo
2288 2177 2496 2246 sciens
2548 2200 2829 2245 uxorem
2881 2176 3127 2245 Theo-

629 2293 839 2362 derici
888 2295 1115 2366 fratris
1166 2306 1491 2382 astutam,
1568 2297 1813 2382 credo,
1881 2318 1966 2363 ne
2019 2296 2201 2365 forte
2259 2294 2574 2364 maritum
2626 2307 2743 2363 aut
2793 2293 3125 2385 majorem

628 2411 843 2479 filium
867 2462 887 2497 ,
967 2415 1126 2502 quia
1176 2415 1476 2503 prudens
1530 2425 1598 2481 et
1648 2414 1914 2504 sapiens
1965 2412 2363 2495 videbatur,
2419 2411 2705 2478 consiliis
2757 2413 3125 2482 acrioribus

626 2519 966 2599 adversus»¹
992 2540 1355 2618 tyrannum
1408 2539 1723 2614 armaret,
1780 2527 2056 2595 crimine
2110 2527 2470 2617 imposito,
2524 2527 2758 2620 gladio
2815 2552 2964 2597 eam
3016 2531 3125 2599 in-

626 2648 842 2715 terfici
882 2645 1111 2737 jubet.
1208 2646 1582 2735 Postquam
1636 2645 1966 2714 occiditur
2016 2658 2085 2716 et
2136 2647 2252 2713 ille
2303 2648 2481 2715 filius
2550 2671 2835 2740 magnus
2887 2649 3125 2718 litteris

623 2765 996 2848 institutuS‚
1068 2763 1187 2833 cui
1235 2767 1627 2834 seeundum
1695 2765 2276 2833 constitutionem
2353 2766 2733 2835 Genserici
2786 2791 2867 2835 eo
2924 2773 3126 2861 quod

624 2879 871 2974 major
943 2881 1272 2952 omnibus
1345 2893 1569 2972 esset,
1646 2906 1965 2978 regnum
2036 2883 2226 2952 inter
2294 2892 2600 2977 nepotes
2657 2886 3125 2978 potissimum

625 3000 1033 3071 debebatur
1036 3039 1536 3070 —————
1588 3005 1791 3073 Tunc
1840 3013 1911 3072 et
1945 3003 2273 3071 Gentonis
2307 2998 2666 3093 majorem
2704 3004 2945 3090 filium,
3001 3028 3125 3074 no·

626 3122 806 3189 mine
824 3119 1172 3215 ‘Godagis,
1210 3145 1363 3191 cum
1397 3145 1610 3191 uxore
1650 3123 1910 3212 absque
1961 3123 2203 3191 solatio
2255 3122 2428 3190 servi
2481 3135 2600 3190 aut
2652 3123 2932 3191 ancillae
2969 3148 3127 3193 crn-

626 3239 764 3307 deli
817 3240 1046 3307 exsilio
1099 3240 1465 3333 delegavit.
1570 3241 1887 3309 Fratrem
1937 3263 2101 3309 vero
2154 3239 2683 3326 Theodericum,
2737 3254 2896 3332 post
2948 3243 3128 3311 occi-

625 3359 881 3426 sionem
934 3359 1161 3427 uxoris
1215 3369 1284 3427 et
1334 3360 1495 3442 filii,
1576 3361 1830 3427 nudum
1885 3369 2094 3446 atque
2147 3357 2536 3426 destitutum
2593 3359 2896 3428 similiter
2936 3336 3125 3428 'rele-

625 3478 837 3567 gavit.
940 3478 1106 3545 Post
1158 3475 1350 3566 cujus
1401 3486 1692 3543 mortem
1744 3476 2002 3562 filium,
2080 3476 2199 3565 qui
2254 3489 2647 3569 supererat,
2723 3479 3125 3546 infantulum

625 3593 928 3683 duasque
979 3596 1149 3662 filias
1202 3593 1348 3685 ejus
1400 3594 1686 3681 adultaS,
1740 3582 2086 3686 impositas
2141 3596 2371 3680 asinis,
2427 3596 2697 3687 longius
2748 3595 3123 3686 affligendo

626 3710 999 3802 projecit.“

832 3830 939 3896 Ita
991 3831 1371 3900 Hunericus
1424 3855 1504 3900 ea
1551 3832 1922 3902 intentione
1975 3844 2208 3902 contra
2248 3832 2719 3924 propinquos
2761 3831 3123 3918 saeviebat,

627 3959 706 4017 nt
754 3950 901 4017 filio
953 3973 1076 4018 suo
1126 3949 1303 4018 viam
1356 3951 1443 4018 ad
1496 3974 1787 4044 regnum
1838 3952 2276 4045 patefaceret.
2365 3948 2506 4016 Sed
2559 3949 2759 4017 etiam
2812 3950 3121 4037 timebat,

629 4091 714 4135 ne
756 4069 1025 4161 populi
1076 4069 1188 4138 eui
1244 4070 1624 4163 primores
1691 4072 1921 4164 legem
1987 4068 2563 4136 fundamentalem
2631 4068 2972 4139 defensuri
3024 4094 3124 4141 es·

625 4199 792 4255 sent.
846 4187 1210 4280 Praecepit
1259 4190 1491 4283 igitur,
1544 4200 1625 4259 nt
1652 4191 2166 4260 combureretur
2206 4208 2499 4255 summus
2537 4186 2897 4281 episcopus
2919 4190 3120 4257 Aria-

621 4327 747 4373 nae
801 4305 1208 4375 Vandalicae
1265 4309 1585 4379 ecclesiae
1606 4360 1624 4395 ,
1677 4304 2027 4378 Jocundus
2079 4301 2496 4394 patriarcha,
2578 4307 2738 4396 quia
2789 4330 2910 4376 rex
2963 4309 3119 4399 opi-

493 4780 707 5025 h
