3530 5132
1856 178 1887 241 4

1694 274 2045 288 ---—-——-—-—-—-

1042 407 1175 493 II.
1275 404 1902 520 Visigotki.
1993 426 1998 429 ’

789 600 1132 693 visigothi
1185 600 1272 665 ab
1326 597 1769 689 Ostrogothis
1820 596 2115 686 separati
2166 596 2486 664 familiam
2541 594 2826 685 priscam
2878 595 3144 687 regiam

638 724 813 790 iuter
863 743 936 787 se
986 741 1122 785 non
1170 717 1544 785 habebant.
1623 715 1772 783 Etsi
1821 714 2032 806 igitur
2081 739 2337 807 „super
2383 739 2458 784 se
2508 715 2855 784 Alaricum
2906 736 3146 806 regem

640 841 1051 923 ordinarent,
1107 838 1213 907 cui
1268 849 1413 905 erat
1451 845 1609 928 post
1649 836 1926 904 Amalos
1962 835 2254 904 secunda
2305 836 2620 904 nobilitas
2649 834 3147 904 Balnearum-

641 982 781 1054 que
833 980 915 1026 ex
969 978 1221 1048 genere
1288 957 1493 1048 origo
1566 955 1901 1022 mirifica“
1929 945 2032 1026 ¹3:
2101 955 2261 1023 huic
2330 966 2555 1025 tamen
2622 954 2858 1046 generi
2931 955 3151 1046 prisca

643 1078 940 1148 familiae
992 1076 1225 1167 regiae
1277 1076 1513 1144 deerat
1564 1075 1913 1143 autoritaS.
1985 1076 2448 1161 Quamobrem
2475 1073 2623 1165 jam
2677 1074 2766 1143 ab
2819 1074 3010 1142 initio
3035 1072 3149 1165 jus

646 1197 987 1267 electionis
1039 1197 1482 1286 praevalebat
1537 1196 1605 1262 in
1643 1193 2161 1286 visigothorum
2215 1217 2456 1286 regno.
2512 1193 2654 1261 Sed
2690 1194 2958 1285 regium
2998 1215 3152 1262 san-

645 1319 923 1410 guinem
984 1338 1118 1381 non
1188 1318 1394 1407 plane
1461 1316 1868 1384 omittebant
1916 1312 1987 1381 in
2039 1313 2371 1406 eligendis
2439 1313 2715 1405 regibus
2787 1313 3151 1404 visigothi.

646 1438 759 1507 Ex
812 1434 1227 1504 Theoderici
1282 1433 1536 1501 familia
1606 1434 1918 1523 quinque
1979 1457 2178 1524 reges
2230 1432 2681 1502 succedebant
2706 1421 2799 1503 ¹4«
2859 1429 3017 1501 *Ab
3072 1452 3156 1497 eo

647 1580 816 1624 'vero
868 1567 1204 1644 tempore,
1262 1577 1400 1641 quo
1454 1553 1650 1644 regni
1692 1552 1885 1620 sedes
1920 1553 1989 1619 in
2022 1553 2354 1644 Hispania
2387 1552 2670 1621 fundata
2697 1560 2862 1635 erat,
2917 1559 3159 1641 aperte

650 1674 1075 1743 declaratum
1127 1681 1264 1752 est,
1343 1673 1604 1739 nullum
1657 1672 2271 1740 essesuccessionis
2344 1673 2658 1756 titulum,
2738 1670 2857 1738 nisi
2913 1668 3158 1761 populi

650 1794 1075 1863 electionem.
1132 1789 1393 1859 Concil.
1451 1789 1704 1858 Toled.
1761 1789 1920 1856 VII.
1981 1813 2127 1856 can.
2180 1791 2298 1859 17.
2369 1792 2522 1858 Hac
2572 1790 2832 1858 ratione
2884 1788 3161 1880 Visigo-

654 1915 936 1987 thorum
1010 1932 1298 2001 ,regnum
1370 1933 1455 1978 ex
1523 1908 1997 1978 hereditario-
2022 1910 2324 1979 electicio
2377 1910 2444 1977 in
2495 1932 2696 1980 mere
2766 1908 3161 1978 electicium

656 2041 990 2107 mutatum
1043 2039 1164 2105 est.

1071 2192 1261 2282 III.
1323 2192 1804 2282 Franci.

815 2388 1063 2454 Franci
1095 2387 1471 2475 ⁴sumebant
1522 2387 1608 2452 ab
1664 2385 2133 2473 antiquissimis
2184 2384 2608 2474 temporibus
2661 2405 2858 2475 reges
2896 2404 2978 2448 ex
3004 2383 3176 2449 Me·-

669 2507 1110 2597 roviugorum
1135 2525 1410 2592 genere,
1468 2502 1715 2589 quibus
1738 2510 2203 2592 portentosam
2232 2503 2563 2595 originem
2590 2502 3055 2572 attribuebant
3078 2493 3165 2569 ¹⁵.

667 2626 870 2695 Initio
923 2645 1074 2694 cum
1125 2622 1261 2688 hoc
1312 2622 1881 2712 Merovingorum
1905 2619 2072 2714 jure
2102 2621 2538 2711 hereditario,
2593 2633 2670 2692 ut
2704 2623 2892 2715 apud
2943 2645 3171 2694 omnes

670 2742 1112 2813 Germanicos
1169 2743 1495 2833 populoS,
1554 2742 1796 2808 electio
1850 2752 1996 2811 erat
2046 2740 2427 2833 conjuncta.
2498 2744 2752 2828 „Juxta
2802 2764 3025 2834 pagos
3061 2742 3173 2810 vel

675 2863 977 2933 civitates
1023 2883 1223 2952 reges
1281 2861 1553 2928 crinitos
1607 2883 1816 2952 super
1853 2884 1924 2929 se
1947 2853 2247 2929 Francos
2285 2862 2657 2931 creavisse
2708 2861 2796 2929 de
2849 2860 3071 2951 prima
3106 2870 3176 2930 et

675 2994 754 3052 ut
804 2982 901 3049 ita
949 2968 1173 3047 dicam
1228 2980 1545 3048 nobiliori
1595 3003 1870 3049 suorum
1926 2981 2250 3068 familia“,
2305 2979 2684 3073 Gregorius
2717 2979 2950 3049 tradit.

831 3099 1310 3174 chlodovaeus
1335 3152 1355 3188 ‚
1433 3101 1666 3193 magni
1717 3102 2140 3170 Francorum
2194 3101 2391 3192 regni
2441 3101 2509 3167 in
2563 3100 2790 3169 Gallia
2843 3096 3174 3182 conditor,

680 3232 868 3294 tanta
918 3223 1231 3314 pollebat
1284 3223 1628 3312 potentia,
1697 3231 1775 3286 ut
1827 3218 2129 3287 dividere
2181 3229 2457 3310 possent
2513 3218 2658 3309 ejus
2710 3220 2832 3287 filii
2883 3219 3058 3286 inter
3109 3238 3184 3284 se¹

680 3341 1063 3432 provincias
1134 3340 1331 3431 regni
1409 3340 1596 3427 quasi
1671 3336 2155 3428 patrimonium
2229 3336 2545 3405 familiae.
2625 3315 2704 3406 ‘A
2759 3334 3179 3408 Chlodovaei

680 3460 1108 3552 temporibus
1160 3456 1406 3550 populi
1463 3455 1703 3523 electio
1755 3477 1972 3544 paene
2026 3456 2296 3524 evanuit
2347 3467 2556 3547 atque
2599 3458 3021 3526 Francorum
3073 3479 3184 3523 re-

680 3600 894 3668 gnum
945 3578 1198 3647 factum
1251 3585 1352 3643 est
1403 3579 1588 3643 mere
1620 3572 2133 3644 hereditarium.
2189 3575 2384 3644 Haec
2414 3576 2706 3645 strictior
2740 3578 2933 3668 apud
2972 3577 3031 3643 F
3034 3598 3187 3642 ran·

684 3717 798 3762 cos
840 3692 1018 3784 juris
1068 3692 1463 3761 hereditarii
1515 3692 1734 3760 forma
1772 3716 1811 3760 a
1845 3694 2292 3787 scriptoribus
2342 3695 2670 3786 expressis
2719 3696 2943 3762 verbis
2993 3715 3194 3761 com-

687 3820 1102 3884 memoratur
1127 3802 1212 3883 ¹⁶.

894 3932 1187 4022 Semper
1253 3931 1431 3999 filius
1501 3932 1684 4024 regis
1752 3932 1935 4025 patri
1987 3932 2313 4001 defuncto
2364 3931 2724 4001 succedere
2775 3931 3073 3999 debebat
3099 3924 3192 4017 ¹⁷,

689 4053 880 4142 quod
931 4053 998 4119 in
1052 4051 1285 4121 ceteris
1338 4050 1839 4120 Germanorum
1907 4053 2136 4143 regnis
2209 4075 2343 4119 non
2397 4062 2534 4120 tam
2584 4051 2814 4120 stricte
2867 4052 3196 4120 observa-.-

687 4175 915 4241 batur.
968 4172 1369 4263 Impuberes
1421 4170 1596 4239 filios
1648 4172 1848 4264 regis,
1881 4171 2178 4242 defuncti
2233 4195 2271 4240 a
2321 4193 2539 4264 regno
2591 4172 2973 4263 excludere,
3025 4194 3193 4247 con-

688 4304 794 4359 tra
836 4290 953 4383 jus
1006 4316 1083 4359 ac
1136 4314 1357 4361 mores
1407 4292 1838 4360 Francorum
1892 4303 2058 4361 erat.
