<?xml version="1.0" encoding="UTF-8"?>
<!DOCTYPE html PUBLIC "-//W3C//DTD XHTML 1.0 Transitional//EN"
    "http://www.w3.org/TR/xhtml1/DTD/xhtml1-transitional.dtd">
<html xmlns="http://www.w3.org/1999/xhtml" xml:lang="en" lang="en">
 <head>
  <title>
</title>
<meta http-equiv="Content-Type" content="text/html;charset=utf-8" />
  <meta name='ocr-system' content='tesseract 3.04.00' />
  <meta name='ocr-capabilities' content='ocr_page ocr_carea ocr_par ocr_line ocrx_word'/>
</head>
<body>
  <div class='ocr_page' id='page_1' title='image "./detestamentogen00schugoog_0021.png"; bbox 0 0 3530 5132; ppageno 0'>
   <div class='ocr_carea' id='block_1_1' title="bbox 1602 213 1677 276">
    <p class='ocr_par' dir='ltr' id='par_1_1' title="bbox 1602 213 1677 276">
     <span class='ocr_line' id='line_1_1' title="bbox 1602 213 1677 276; baseline -0.013 0"><span class='ocrx_word' id='word_1_1' title='bbox 1602 213 1677 276; x_wconf 90' lang='lat'>11</span> 
     </span>
    </p>
   </div>
   <div class='ocr_carea' id='block_1_2' title="bbox 1497 299 1805 312">
    <p class='ocr_par' dir='ltr' id='par_1_2' title="bbox 1497 299 1805 312">
     <span class='ocr_line' id='line_1_2' title="bbox 1497 299 1805 312; baseline 0 4820"><span class='ocrx_word' id='word_1_2' title='bbox 1497 299 1805 312; x_wconf 95' lang='lat' dir='ltr'> </span> 
     </span>
    </p>
   </div>
   <div class='ocr_carea' id='block_1_3' title="bbox 382 388 2891 2269">
    <p class='ocr_par' dir='ltr' id='par_1_3' title="bbox 382 388 2891 1317">
     <span class='ocr_line' id='line_1_3' title="bbox 389 388 2891 484; baseline -0 -23"><span class='ocrx_word' id='word_1_3' title='bbox 389 401 500 461; x_wconf 85' lang='lat' dir='ltr'>tur</span> <span class='ocrx_word' id='word_1_4' title='bbox 551 392 620 458; x_wconf 93' lang='lat' dir='ltr'>in</span> <span class='ocrx_word' id='word_1_5' title='bbox 672 392 899 484; x_wconf 85' lang='lat' dir='ltr'>regnis</span> <span class='ocrx_word' id='word_1_6' title='bbox 952 388 1529 482; x_wconf 84' lang='lat' dir='ltr'>Burgundionum</span> <span class='ocrx_word' id='word_1_7' title='bbox 1580 399 1791 479; x_wconf 90' lang='lat' dir='ltr'>atque</span> <span class='ocrx_word' id='word_1_8' title='bbox 1841 390 2381 484; x_wconf 77' lang='lat' dir='ltr'>visigothorum.</span> <span class='ocrx_word' id='word_1_9' title='bbox 2474 393 2629 477; x_wconf 77' lang='lat' dir='ltr'>Qua</span> <span class='ocrx_word' id='word_1_10' title='bbox 2680 413 2765 460; x_wconf 86' lang='lat' dir='ltr'>ex</span> <span class='ocrx_word' id='word_1_11' title='bbox 2814 415 2891 460; x_wconf 88' lang='lat' dir='ltr'>re</span> 
     </span>
     <span class='ocr_line' id='line_1_4' title="bbox 391 508 2891 602; baseline 0.001 -26"><span class='ocrx_word' id='word_1_12' title='bbox 391 510 767 602; x_wconf 86' lang='lat' dir='ltr'>repetenda</span> <span class='ocrx_word' id='word_1_13' title='bbox 819 519 919 579; x_wconf 89' lang='lat' dir='ltr'>est</span> <span class='ocrx_word' id='word_1_14' title='bbox 968 510 1233 577; x_wconf 87' lang='lat' dir='ltr'>diversa</span> <span class='ocrx_word' id='word_1_15' title='bbox 1282 508 1793 577; x_wconf 86' lang='lat' dir='ltr'>tractandorum</span> <span class='ocrx_word' id='word_1_16' title='bbox 1862 510 2382 601; x_wconf 82' lang='lat' dir='ltr'>provincialium</span> <span class='ocrx_word' id='word_1_17' title='bbox 2452 511 2627 579; x_wconf 86' lang='lat' dir='ltr'>ratio</span> <span class='ocrx_word' id='word_1_18' title='bbox 2701 510 2891 601; x_wconf 85' lang='lat' dir='ltr'>apud</span> 
     </span>
     <span class='ocr_line' id='line_1_5' title="bbox 383 628 2885 722; baseline 0 -27"><span class='ocrx_word' id='word_1_19' title='bbox 383 628 511 698; x_wconf 89' lang='lat' dir='ltr'>hos</span> <span class='ocrx_word' id='word_1_20' title='bbox 570 630 875 721; x_wconf 85' lang='lat' dir='ltr'>populos</span> <span class='ocrx_word' id='word_1_21' title='bbox 927 639 1136 718; x_wconf 89' lang='lat' dir='ltr'>atque</span> <span class='ocrx_word' id='word_1_22' title='bbox 1190 629 1259 695; x_wconf 93' lang='lat' dir='ltr'>in</span> <span class='ocrx_word' id='word_1_23' title='bbox 1311 628 1782 698; x_wconf 88' lang='lat' dir='ltr'>Vandalorum</span> <span class='ocrx_word' id='word_1_24' title='bbox 1851 652 2097 722; x_wconf 84' lang='lat' dir='ltr'>regno.</span> <span class='ocrx_word' id='word_1_25' title='bbox 2190 628 2480 697; x_wconf 83' lang='lat' dir='ltr'>Vandali</span> <span class='ocrx_word' id='word_1_26' title='bbox 2533 630 2719 698; x_wconf 89' lang='lat' dir='ltr'>nudo</span> <span class='ocrx_word' id='word_1_27' title='bbox 2772 652 2885 698; x_wconf 86' lang='lat' dir='ltr'>oc-</span> 
     </span>
     <span class='ocr_line' id='line_1_6' title="bbox 386 746 2885 840; baseline 0 -24"><span class='ocrx_word' id='word_1_28' title='bbox 386 748 764 839; x_wconf 88' lang='lat' dir='ltr'>cupationis</span> <span class='ocrx_word' id='word_1_29' title='bbox 808 746 970 838; x_wconf 85' lang='lat' dir='ltr'>jure</span> <span class='ocrx_word' id='word_1_30' title='bbox 1019 748 1321 816; x_wconf 78' lang='lat' dir='ltr'>Africam</span> <span class='ocrx_word' id='word_1_31' title='bbox 1372 747 1832 838; x_wconf 79' lang='lat' dir='ltr'>possidebant,</span> <span class='ocrx_word' id='word_1_32' title='bbox 1886 770 2010 815; x_wconf 91' lang='lat' dir='ltr'>nec</span> <span class='ocrx_word' id='word_1_33' title='bbox 2042 750 2261 818; x_wconf 87' lang='lat' dir='ltr'>ullum</span> <span class='ocrx_word' id='word_1_34' title='bbox 2295 759 2557 817; x_wconf 85' lang='lat' dir='ltr'>certum</span> <span class='ocrx_word' id='word_1_35' title='bbox 2581 748 2697 840; x_wconf 85' lang='lat' dir='ltr'>jus</span> <span class='ocrx_word' id='word_1_36' title='bbox 2721 772 2885 839; x_wconf 86' lang='lat' dir='ltr'>pro·</span> 
     </span>
     <span class='ocr_line' id='line_1_7' title="bbox 385 866 2889 960; baseline -0 -25"><span class='ocrx_word' id='word_1_37' title='bbox 385 867 766 935; x_wconf 85' lang='lat' dir='ltr'>vincialium</span> <span class='ocrx_word' id='word_1_38' title='bbox 818 867 1301 960; x_wconf 80' lang='lat' dir='ltr'>agnoscebant.</span> <span class='ocrx_word' id='word_1_39' title='bbox 1356 866 1612 935; x_wconf 84' lang='lat' dir='ltr'>Divisio</span> <span class='ocrx_word' id='word_1_40' title='bbox 1665 877 2026 954; x_wconf 85' lang='lat' dir='ltr'>terrarum,</span> <span class='ocrx_word' id='word_1_41' title='bbox 2082 868 2277 937; x_wconf 88' lang='lat' dir='ltr'>certis</span> <span class='ocrx_word' id='word_1_42' title='bbox 2309 868 2566 960; x_wconf 84' lang='lat' dir='ltr'>regulis</span> <span class='ocrx_word' id='word_1_43' title='bbox 2601 867 2889 935; x_wconf 90' lang='lat' dir='ltr'>circum-</span> 
     </span>
     <span class='ocr_line' id='line_1_8' title="bbox 382 985 2888 1078; baseline -0.001 -23"><span class='ocrx_word' id='word_1_44' title='bbox 382 986 659 1077; x_wconf 86' lang='lat' dir='ltr'>scripta,</span> <span class='ocrx_word' id='word_1_45' title='bbox 713 986 888 1055; x_wconf 88' lang='lat' dir='ltr'>inter</span> <span class='ocrx_word' id='word_1_46' title='bbox 935 986 1276 1055; x_wconf 86' lang='lat' dir='ltr'>Vandalos</span> <span class='ocrx_word' id='word_1_47' title='bbox 1328 1008 1408 1054; x_wconf 89' lang='lat' dir='ltr'>ac</span> <span class='ocrx_word' id='word_1_48' title='bbox 1461 985 1907 1078; x_wconf 82' lang='lat' dir='ltr'>provinciales</span> <span class='ocrx_word' id='word_1_49' title='bbox 1960 1009 2098 1055; x_wconf 92' lang='lat' dir='ltr'>non</span> <span class='ocrx_word' id='word_1_50' title='bbox 2148 987 2327 1057; x_wconf 82' lang='lat' dir='ltr'>facta</span> <span class='ocrx_word' id='word_1_51' title='bbox 2377 997 2497 1073; x_wconf 88' lang='lat' dir='ltr'>est,</span> <span class='ocrx_word' id='word_1_52' title='bbox 2551 985 2672 1056; x_wconf 87' lang='lat' dir='ltr'>sed</span> <span class='ocrx_word' id='word_1_53' title='bbox 2705 987 2888 1054; x_wconf 89' lang='lat' dir='ltr'>Van-</span> 
     </span>
     <span class='ocr_line' id='line_1_9' title="bbox 390 1104 2889 1197; baseline -0.001 -22"><span class='ocrx_word' id='word_1_54' title='bbox 390 1106 529 1175; x_wconf 88' lang='lat' dir='ltr'>dali</span> <span class='ocrx_word' id='word_1_55' title='bbox 581 1106 714 1197; x_wconf 87' lang='lat' dir='ltr'>ipsi</span> <span class='ocrx_word' id='word_1_56' title='bbox 763 1106 938 1173; x_wconf 89' lang='lat' dir='ltr'>inter</span> <span class='ocrx_word' id='word_1_57' title='bbox 990 1128 1062 1174; x_wconf 88' lang='lat' dir='ltr'>se</span> <span class='ocrx_word' id='word_1_58' title='bbox 1113 1115 1330 1174; x_wconf 84' lang='lat' dir='ltr'>terras</span> <span class='ocrx_word' id='word_1_59' title='bbox 1381 1106 1734 1191; x_wconf 77' lang='lat' dir='ltr'>„funiculo</span> <span class='ocrx_word' id='word_1_60' title='bbox 1785 1104 2228 1174; x_wconf 75' lang='lat' dir='ltr'>hereditatis“</span> <span class='ocrx_word' id='word_1_61' title='bbox 2282 1106 2604 1175; x_wconf 68' lang='lat' dir='ltr'>divisere.</span> <span class='ocrx_word' id='word_1_62' title='bbox 2681 1105 2889 1192; x_wconf 77' lang='lat' dir='ltr'>Quod</span> 
     </span>
     <span class='ocr_line' id='line_1_10' title="bbox 387 1215 2495 1317; baseline 0.001 -25"><span class='ocrx_word' id='word_1_63' title='bbox 387 1225 912 1317; x_wconf 87' lang='lat' dir='ltr'>provincialibus</span> <span class='ocrx_word' id='word_1_64' title='bbox 965 1224 1467 1313; x_wconf 82' lang='lat' dir='ltr'>relinquebant,</span> <span class='ocrx_word' id='word_1_65' title='bbox 1521 1248 1708 1293; x_wconf 90' lang='lat' dir='ltr'>mera</span> <span class='ocrx_word' id='word_1_66' title='bbox 1759 1247 1866 1292; x_wconf 89' lang='lat' dir='ltr'>res</span> <span class='ocrx_word' id='word_1_67' title='bbox 1918 1224 2182 1315; x_wconf 85' lang='lat' dir='ltr'>gratiae</span> <span class='ocrx_word' id='word_1_68' title='bbox 2237 1237 2382 1293; x_wconf 88' lang='lat' dir='ltr'>erat</span> <span class='ocrx_word' id='word_1_69' title='bbox 2403 1215 2495 1294; x_wconf 83' lang='lat'>⁵².</span> 
     </span>
    </p>

    <p class='ocr_par' dir='ltr' id='par_1_4' title="bbox 382 1343 2890 2269">
     <span class='ocr_line' id='line_1_11' title="bbox 589 1343 2890 1436; baseline -0.001 -23"><span class='ocrx_word' id='word_1_70' title='bbox 589 1345 1061 1418; x_wconf 88' lang='lat' dir='ltr'>Valentiniano</span> <span class='ocrx_word' id='word_1_71' title='bbox 1113 1344 1528 1435; x_wconf 79' lang='lat' dir='ltr'>imperatore</span> <span class='ocrx_word' id='word_1_72' title='bbox 1562 1352 1859 1426; x_wconf 88' lang='lat' dir='ltr'>mortu0,</span> <span class='ocrx_word' id='word_1_73' title='bbox 1923 1343 2325 1428; x_wconf 80' lang='lat' dir='ltr'>Gensericus</span> <span class='ocrx_word' id='word_1_74' title='bbox 2358 1346 2524 1413; x_wconf 85' lang='lat' dir='ltr'>fines</span> <span class='ocrx_word' id='word_1_75' title='bbox 2560 1343 2756 1436; x_wconf 84' lang='lat' dir='ltr'>regni</span> <span class='ocrx_word' id='word_1_76' title='bbox 2788 1343 2890 1411; x_wconf 87' lang='lat' dir='ltr'>sui</span> 
     </span>
     <span class='ocr_line' id='line_1_12' title="bbox 384 1451 2886 1555; baseline -0.001 -24"><span class='ocrx_word' id='word_1_77' title='bbox 384 1461 480 1532; x_wconf 88' lang='lat' dir='ltr'>ita</span> <span class='ocrx_word' id='word_1_78' title='bbox 554 1464 992 1555; x_wconf 82' lang='lat' dir='ltr'>proferebat,</span> <span class='ocrx_word' id='word_1_79' title='bbox 1062 1474 1140 1531; x_wconf 93' lang='lat' dir='ltr'>ut</span> <span class='ocrx_word' id='word_1_80' title='bbox 1198 1465 1347 1554; x_wconf 85' lang='lat' dir='ltr'>jam</span> <span class='ocrx_word' id='word_1_81' title='bbox 1416 1463 1622 1533; x_wconf 86' lang='lat' dir='ltr'>totius</span> <span class='ocrx_word' id='word_1_82' title='bbox 1689 1462 1964 1551; x_wconf 82' lang='lat' dir='ltr'>Africae</span> <span class='ocrx_word' id='word_1_83' title='bbox 2032 1462 2361 1531; x_wconf 89' lang='lat' dir='ltr'>ambitum</span> <span class='ocrx_word' id='word_1_84' title='bbox 2436 1463 2776 1532; x_wconf 88' lang='lat' dir='ltr'>obtineret</span> <span class='ocrx_word' id='word_1_85' title='bbox 2796 1451 2886 1528; x_wconf 75' lang='lat'>⁵3.</span> 
     </span>
     <span class='ocr_line' id='line_1_13' title="bbox 385 1581 2890 1673; baseline 0 -23"><span class='ocrx_word' id='word_1_86' title='bbox 385 1582 531 1650; x_wconf 88' lang='lat' dir='ltr'>Nec</span> <span class='ocrx_word' id='word_1_87' title='bbox 583 1584 845 1651; x_wconf 90' lang='lat' dir='ltr'>bellum</span> <span class='ocrx_word' id='word_1_88' title='bbox 897 1583 1072 1660; x_wconf 84' lang='lat' dir='ltr'>inter</span> <span class='ocrx_word' id='word_1_89' title='bbox 1123 1593 1491 1672; x_wconf 89' lang='lat' dir='ltr'>utrumque</span> <span class='ocrx_word' id='word_1_90' title='bbox 1541 1582 1905 1673; x_wconf 86' lang='lat' dir='ltr'>imperium</span> <span class='ocrx_word' id='word_1_91' title='bbox 1973 1582 2361 1650; x_wconf 87' lang='lat' dir='ltr'>Romanum</span> <span class='ocrx_word' id='word_1_92' title='bbox 2416 1607 2496 1650; x_wconf 90' lang='lat' dir='ltr'>ac</span> <span class='ocrx_word' id='word_1_93' title='bbox 2545 1581 2890 1650; x_wconf 85' lang='lat' dir='ltr'>Vandalos</span> 
     </span>
     <span class='ocr_line' id='line_1_14' title="bbox 382 1690 2889 1793; baseline 0.001 -24"><span class='ocrx_word' id='word_1_94' title='bbox 382 1702 637 1769; x_wconf 87' lang='lat' dir='ltr'>saevire</span> <span class='ocrx_word' id='word_1_95' title='bbox 665 1702 1017 1786; x_wconf 84' lang='lat' dir='ltr'>desinebat</span> <span class='ocrx_word' id='word_1_96' title='bbox 1036 1724 1255 1790; x_wconf 88' lang='lat' dir='ltr'>usque</span> <span class='ocrx_word' id='word_1_97' title='bbox 1306 1701 1395 1769; x_wconf 91' lang='lat' dir='ltr'>ad</span> <span class='ocrx_word' id='word_1_98' title='bbox 1430 1723 1707 1793; x_wconf 80' lang='lat' dir='ltr'>pacem</span> <span class='ocrx_word' id='word_1_99' title='bbox 1758 1700 2279 1793; x_wconf 78' lang='lat' dir='ltr'>sempiternam</span> <span class='ocrx_word' id='word_1_100' title='bbox 2306 1690 2397 1787; x_wconf 77' lang='lat'>5⁴,</span> <span class='ocrx_word' id='word_1_101' title='bbox 2451 1725 2657 1792; x_wconf 91' lang='lat' dir='ltr'>quam</span> <span class='ocrx_word' id='word_1_102' title='bbox 2694 1700 2889 1772; x_wconf 61' lang='lat' dir='ltr'>Gen,-</span> 
     </span>
     <span class='ocr_line' id='line_1_15' title="bbox 382 1819 2885 1912; baseline -0.002 -23"><span class='ocrx_word' id='word_1_103' title='bbox 382 1822 633 1890; x_wconf 86' lang='lat' dir='ltr'>sericus</span> <span class='ocrx_word' id='word_1_104' title='bbox 687 1843 750 1889; x_wconf 86' lang='lat' dir='ltr'>a.</span> <span class='ocrx_word' id='word_1_105' title='bbox 801 1820 952 1893; x_wconf 83' lang='lat'>475</span> <span class='ocrx_word' id='word_1_106' title='bbox 1008 1844 1163 1889; x_wconf 90' lang='lat' dir='ltr'>cum</span> <span class='ocrx_word' id='word_1_107' title='bbox 1215 1821 1492 1889; x_wconf 88' lang='lat' dir='ltr'>Zenone</span> <span class='ocrx_word' id='word_1_108' title='bbox 1543 1819 1962 1912; x_wconf 83' lang='lat' dir='ltr'>imperatore</span> <span class='ocrx_word' id='word_1_109' title='bbox 1997 1820 2403 1911; x_wconf 78' lang='lat' dir='ltr'>=Byzantino</span> <span class='ocrx_word' id='word_1_110' title='bbox 2454 1820 2638 1889; x_wconf 82' lang='lat' dir='ltr'>fecit.</span> <span class='ocrx_word' id='word_1_111' title='bbox 2748 1820 2885 1887; x_wconf 88' lang='lat' dir='ltr'>Ea-</span> 
     </span>
     <span class='ocr_line' id='line_1_16' title="bbox 383 1937 2885 2031; baseline -0.001 -24"><span class='ocrx_word' id='word_1_112' title='bbox 383 1939 538 2008; x_wconf 88' lang='lat' dir='ltr'>dem</span> <span class='ocrx_word' id='word_1_113' title='bbox 592 1941 855 2009; x_wconf 90' lang='lat' dir='ltr'>ratione</span> <span class='ocrx_word' id='word_1_114' title='bbox 909 1942 1111 2009; x_wconf 88' lang='lat' dir='ltr'>etiam</span> <span class='ocrx_word' id='word_1_115' title='bbox 1164 1964 1315 2009; x_wconf 91' lang='lat' dir='ltr'>cum</span> <span class='ocrx_word' id='word_1_116' title='bbox 1368 1940 1661 2031; x_wconf 86' lang='lat' dir='ltr'>imperio</span> <span class='ocrx_word' id='word_1_117' title='bbox 1714 1938 2115 2007; x_wconf 88' lang='lat' dir='ltr'>occidentali</span> <span class='ocrx_word' id='word_1_118' title='bbox 2168 1950 2235 2008; x_wconf 93' lang='lat' dir='ltr'>et</span> <span class='ocrx_word' id='word_1_119' title='bbox 2271 1950 2430 2031; x_wconf 82' lang='lat' dir='ltr'>post</span> <span class='ocrx_word' id='word_1_120' title='bbox 2466 1940 2606 2007; x_wconf 89' lang='lat' dir='ltr'>eius</span> <span class='ocrx_word' id='word_1_121' title='bbox 2656 1937 2885 2006; x_wconf 89' lang='lat' dir='ltr'>interi·</span> 
     </span>
     <span class='ocr_line' id='line_1_17' title="bbox 384 2056 2883 2148; baseline -0.001 -23"><span class='ocrx_word' id='word_1_122' title='bbox 384 2070 528 2126; x_wconf 90' lang='lat' dir='ltr'>tum</span> <span class='ocrx_word' id='word_1_123' title='bbox 564 2082 716 2126; x_wconf 88' lang='lat' dir='ltr'>cum</span> <span class='ocrx_word' id='word_1_124' title='bbox 741 2058 1064 2127; x_wconf 88' lang='lat' dir='ltr'>Odoacro</span> <span class='ocrx_word' id='word_1_125' title='bbox 1106 2059 1509 2126; x_wconf 81' lang='lat' dir='ltr'>Gensericus</span> <span class='ocrx_word' id='word_1_126' title='bbox 1559 2056 1841 2125; x_wconf 83' lang='lat' dir='ltr'>foedera</span> <span class='ocrx_word' id='word_1_127' title='bbox 1892 2058 2028 2143; x_wconf 89' lang='lat' dir='ltr'>icit,</span> <span class='ocrx_word' id='word_1_128' title='bbox 2078 2067 2157 2128; x_wconf 90' lang='lat' dir='ltr'>ut</span> <span class='ocrx_word' id='word_1_129' title='bbox 2188 2081 2500 2148; x_wconf 85' lang='lat' dir='ltr'>regnum,</span> <span class='ocrx_word' id='word_1_130' title='bbox 2557 2079 2640 2125; x_wconf 82' lang='lat' dir='ltr'>ex</span> <span class='ocrx_word' id='word_1_131' title='bbox 2664 2056 2883 2124; x_wconf 87' lang='lat' dir='ltr'>omni-</span> 
     </span>
     <span class='ocr_line' id='line_1_18' title="bbox 383 2174 2473 2269; baseline -0.001 -23"><span class='ocrx_word' id='word_1_132' title='bbox 383 2179 509 2247; x_wconf 89' lang='lat' dir='ltr'>bus</span> <span class='ocrx_word' id='word_1_133' title='bbox 560 2177 871 2268; x_wconf 73' lang='lat' dir='ltr'>partibus</span> <span class='ocrx_word' id='word_1_134' title='bbox 923 2178 1377 2269; x_wconf 83' lang='lat' dir='ltr'>pacificatum,</span> <span class='ocrx_word' id='word_1_135' title='bbox 1433 2174 1783 2245; x_wconf 89' lang='lat' dir='ltr'>Hunerico</span> <span class='ocrx_word' id='word_1_136' title='bbox 1837 2175 1982 2243; x_wconf 86' lang='lat' dir='ltr'>filio</span> <span class='ocrx_word' id='word_1_137' title='bbox 2037 2177 2473 2268; x_wconf 85' lang='lat' dir='ltr'>relinqueret.</span> 
     </span>
    </p>
   </div>
   <div class='ocr_carea' id='block_1_4' title="bbox 1447 2429 1826 2440">
    <p class='ocr_par' dir='ltr' id='par_1_5' title="bbox 1447 2429 1826 2440">
     <span class='ocr_line' id='line_1_19' title="bbox 1447 2429 1826 2440; baseline 0.003 -1"><span class='ocrx_word' id='word_1_138' title='bbox 1447 2429 1826 2440; x_wconf 63' lang='lat' dir='ltr'>m</span> 
     </span>
    </p>
   </div>
   <div class='ocr_carea' id='block_1_5' title="bbox 1529 2687 1733 2787">
    <p class='ocr_par' dir='ltr' id='par_1_6' title="bbox 1529 2687 1733 2787">
     <span class='ocr_line' id='line_1_20' title="bbox 1529 2687 1733 2787; baseline 0 -29"><span class='ocrx_word' id='word_1_139' title='bbox 1529 2687 1606 2787; x_wconf 79' lang='lat'>§-</span> <span class='ocrx_word' id='word_1_140' title='bbox 1661 2691 1733 2759; x_wconf 83' lang='lat'>4.</span> 
     </span>
    </p>
   </div>
   <div class='ocr_carea' id='block_1_6' title="bbox 1035 2838 2155 2923">
    <p class='ocr_par' dir='ltr' id='par_1_7' title="bbox 1035 2838 2155 2923">
     <span class='ocr_line' id='line_1_21' title="bbox 1035 2838 2155 2923; baseline -0.001 -24"><span class='ocrx_word' id='word_1_141' title='bbox 1035 2839 1144 2899; x_wconf 83' lang='lat' dir='ltr'>DE</span> <span class='ocrx_word' id='word_1_142' title='bbox 1190 2839 1540 2901; x_wconf 71' lang='lat' dir='ltr'>memus</span> <span class='ocrx_word' id='word_1_143' title='bbox 1572 2838 2155 2923; x_wconf 72' lang='lat' dir='ltr'>vANDALoRUM.</span> 
     </span>
    </p>
   </div>
   <div class='ocr_carea' id='block_1_7' title="bbox 379 3026 2892 4437">
    <p class='ocr_par' dir='ltr' id='par_1_8' title="bbox 379 3026 2892 3716">
     <span class='ocr_line' id='line_1_22' title="bbox 582 3026 2883 3120; baseline -0.002 -22"><span class='ocrx_word' id='word_1_144' title='bbox 582 3031 811 3099; x_wconf 89' lang='lat' dir='ltr'>Etiam</span> <span class='ocrx_word' id='word_1_145' title='bbox 860 3031 929 3097; x_wconf 89' lang='lat' dir='ltr'>in</span> <span class='ocrx_word' id='word_1_146' title='bbox 979 3029 1448 3098; x_wconf 87' lang='lat' dir='ltr'>Vandalorum</span> <span class='ocrx_word' id='word_1_147' title='bbox 1498 3052 1718 3120; x_wconf 85' lang='lat' dir='ltr'>regno</span> <span class='ocrx_word' id='word_1_148' title='bbox 1770 3028 2065 3098; x_wconf 89' lang='lat' dir='ltr'>Romani</span> <span class='ocrx_word' id='word_1_149' title='bbox 2104 3026 2268 3117; x_wconf 77' lang='lat' dir='ltr'>jure</span> <span class='ocrx_word' id='word_1_150' title='bbox 2322 3028 2639 3095; x_wconf 90' lang='lat' dir='ltr'>Romano</span> <span class='ocrx_word' id='word_1_151' title='bbox 2690 3026 2883 3094; x_wconf 86' lang='lat' dir='ltr'>vive-</span> 
     </span>
     <span class='ocr_line' id='line_1_23' title="bbox 380 3143 2885 3239; baseline -0.003 -23"><span class='ocrx_word' id='word_1_152' title='bbox 380 3148 570 3236; x_wconf 83' lang='lat' dir='ltr'>bant,</span> <span class='ocrx_word' id='word_1_153' title='bbox 625 3147 915 3216; x_wconf 87' lang='lat' dir='ltr'>Vandali</span> <span class='ocrx_word' id='word_1_154' title='bbox 957 3145 1122 3239; x_wconf 84' lang='lat' dir='ltr'>jure</span> <span class='ocrx_word' id='word_1_155' title='bbox 1174 3146 1606 3215; x_wconf 85' lang='lat' dir='ltr'>Germanico.</span> <span class='ocrx_word' id='word_1_156' title='bbox 1697 3148 1807 3216; x_wconf 89' lang='lat' dir='ltr'>De</span> <span class='ocrx_word' id='word_1_157' title='bbox 1857 3144 2322 3215; x_wconf 86' lang='lat' dir='ltr'>Vandalorum</span> <span class='ocrx_word' id='word_1_158' title='bbox 2363 3143 2528 3235; x_wconf 83' lang='lat' dir='ltr'>jure</span> <span class='ocrx_word' id='word_1_159' title='bbox 2578 3166 2658 3210; x_wconf 93' lang='lat' dir='ltr'>ac</span> <span class='ocrx_word' id='word_1_160' title='bbox 2708 3144 2885 3234; x_wconf 87' lang='lat' dir='ltr'>legi-</span> 
     </span>
     <span class='ocr_line' id='line_1_24' title="bbox 381 3263 2892 3358; baseline -0 -24"><span class='ocrx_word' id='word_1_161' title='bbox 381 3268 512 3335; x_wconf 89' lang='lat' dir='ltr'>bus</span> <span class='ocrx_word' id='word_1_162' title='bbox 564 3290 921 3358; x_wconf 82' lang='lat' dir='ltr'>perpauca·</span> <span class='ocrx_word' id='word_1_163' title='bbox 954 3266 1221 3335; x_wconf 87' lang='lat' dir='ltr'>scimus.</span> <span class='ocrx_word' id='word_1_164' title='bbox 1274 3267 1445 3335; x_wconf 71' lang='lat' dir='ltr'>«lure</span> <span class='ocrx_word' id='word_1_165' title='bbox 1475 3266 1791 3336; x_wconf 77' lang='lat' dir='ltr'>Gothico</span> <span class='ocrx_word' id='word_1_166' title='bbox 1828 3264 2171 3333; x_wconf 88' lang='lat' dir='ltr'>Vandalos</span> <span class='ocrx_word' id='word_1_167' title='bbox 2222 3286 2375 3332; x_wconf 87' lang='lat' dir='ltr'>usos</span> <span class='ocrx_word' id='word_1_168' title='bbox 2426 3263 2649 3352; x_wconf 82' lang='lat' dir='ltr'>fuisse,</span> <span class='ocrx_word' id='word_1_169' title='bbox 2702 3266 2892 3333; x_wconf 79' lang='lat' dir='ltr'>Pro-&#39;</span> 
     </span>
     <span class='ocr_line' id='line_1_25' title="bbox 379 3382 2885 3478; baseline 0 -25"><span class='ocrx_word' id='word_1_170' title='bbox 379 3387 621 3478; x_wconf 86' lang='lat' dir='ltr'>copius</span> <span class='ocrx_word' id='word_1_171' title='bbox 672 3387 895 3453; x_wconf 89' lang='lat' dir='ltr'>docet.</span> <span class='ocrx_word' id='word_1_172' title='bbox 951 3386 1159 3454; x_wconf 90' lang='lat' dir='ltr'>Proc.</span> <span class='ocrx_word' id='word_1_173' title='bbox 1212 3387 1300 3454; x_wconf 83' lang='lat' dir='ltr'>de</span> <span class='ocrx_word' id='word_1_174' title='bbox 1350 3387 1521 3455; x_wconf 87' lang='lat' dir='ltr'>bell.</span> <span class='ocrx_word' id='word_1_175' title='bbox 1573 3384 1795 3454; x_wconf 88' lang='lat' dir='ltr'>Vand.</span> <span class='ocrx_word' id='word_1_176' title='bbox 1833 3386 1889 3473; x_wconf 87' lang='lat'>1,</span> <span class='ocrx_word' id='word_1_177' title='bbox 1927 3383 2001 3453; x_wconf 78' lang='lat'>2.</span> <span class='ocrx_word' id='word_1_178' title='bbox 2055 3383 2268 3469; x_wconf 77' lang='lat' dir='ltr'>Quod</span> <span class='ocrx_word' id='word_1_179' title='bbox 2320 3382 2594 3471; x_wconf 89' lang='lat' dir='ltr'>quidem</span> <span class='ocrx_word' id='word_1_180' title='bbox 2649 3385 2736 3452; x_wconf 90' lang='lat' dir='ltr'>de</span> <span class='ocrx_word' id='word_1_181' title='bbox 2792 3384 2885 3454; x_wconf 89' lang='lat' dir='ltr'>le-</span> 
     </span>
     <span class='ocr_line' id='line_1_26' title="bbox 380 3502 2888 3598; baseline -0.001 -24"><span class='ocrx_word' id='word_1_182' title='bbox 380 3506 585 3598; x_wconf 85' lang='lat' dir='ltr'>gibus</span> <span class='ocrx_word' id='word_1_183' title='bbox 635 3505 938 3598; x_wconf 79' lang='lat' dir='ltr'>scriptis</span> <span class='ocrx_word' id='word_1_184' title='bbox 988 3527 1126 3572; x_wconf 92' lang='lat' dir='ltr'>non</span> <span class='ocrx_word' id='word_1_185' title='bbox 1163 3516 1267 3575; x_wconf 86' lang='lat' dir='ltr'>est</span> <span class='ocrx_word' id='word_1_186' title='bbox 1301 3505 1823 3597; x_wconf 85' lang='lat' dir='ltr'>intelligendum</span> <span class='ocrx_word' id='word_1_187' title='bbox 1847 3556 1866 3591; x_wconf 92' lang='lat'>,</span> <span class='ocrx_word' id='word_1_188' title='bbox 1919 3503 2040 3574; x_wconf 88' lang='lat' dir='ltr'>sed</span> <span class='ocrx_word' id='word_1_189' title='bbox 2078 3504 2166 3571; x_wconf 92' lang='lat' dir='ltr'>de</span> <span class='ocrx_word' id='word_1_190' title='bbox 2202 3502 2493 3592; x_wconf 75' lang='lat' dir='ltr'>antiquis</span> <span class='ocrx_word' id='word_1_191' title='bbox 2526 3513 2888 3573; x_wconf 89' lang='lat' dir='ltr'>consuetu-</span> 
     </span>
     <span class='ocr_line' id='line_1_27' title="bbox 379 3621 2676 3716; baseline -0 -24"><span class='ocrx_word' id='word_1_192' title='bbox 379 3624 652 3692; x_wconf 90' lang='lat' dir='ltr'>dinibus</span> <span class='ocrx_word' id='word_1_193' title='bbox 705 3625 959 3716; x_wconf 90' lang='lat' dir='ltr'>populi</span> <span class='ocrx_word' id='word_1_194' title='bbox 1010 3624 1316 3709; x_wconf 87' lang='lat' dir='ltr'>Gothici,</span> <span class='ocrx_word' id='word_1_195' title='bbox 1372 3623 1563 3714; x_wconf 85' lang='lat' dir='ltr'>cujus</span> <span class='ocrx_word' id='word_1_196' title='bbox 1618 3636 1886 3716; x_wconf 89' lang='lat' dir='ltr'>partem</span> <span class='ocrx_word' id='word_1_197' title='bbox 1939 3623 2327 3701; x_wconf 85' lang='lat' dir='ltr'>efficiebant</span> <span class='ocrx_word' id='word_1_198' title='bbox 2364 3621 2676 3701; x_wconf 85' lang='lat' dir='ltr'>Vandali.</span> 
     </span>
    </p>

    <p class='ocr_par' dir='ltr' id='par_1_9' title="bbox 380 3742 2890 4437">
     <span class='ocr_line' id='line_1_28' title="bbox 585 3742 2888 3835; baseline -0.001 -25"><span class='ocrx_word' id='word_1_199' title='bbox 585 3743 822 3813; x_wconf 87' lang='lat' dir='ltr'>Primo</span> <span class='ocrx_word' id='word_1_200' title='bbox 876 3743 1155 3832; x_wconf 89' lang='lat' dir='ltr'>quidem</span> <span class='ocrx_word' id='word_1_201' title='bbox 1210 3752 1487 3835; x_wconf 90' lang='lat' dir='ltr'>aspectu</span> <span class='ocrx_word' id='word_1_202' title='bbox 1540 3743 1786 3811; x_wconf 88' lang='lat' dir='ltr'>mirum</span> <span class='ocrx_word' id='word_1_203' title='bbox 1837 3743 2126 3830; x_wconf 85' lang='lat' dir='ltr'>videtur,</span> <span class='ocrx_word' id='word_1_204' title='bbox 2181 3743 2372 3833; x_wconf 86' lang='lat' dir='ltr'>quod</span> <span class='ocrx_word' id='word_1_205' title='bbox 2424 3742 2714 3811; x_wconf 86' lang='lat' dir='ltr'>Vandali</span> <span class='ocrx_word' id='word_1_206' title='bbox 2753 3766 2888 3812; x_wconf 92' lang='lat' dir='ltr'>non</span> 
     </span>
     <span class='ocr_line' id='line_1_29' title="bbox 382 3861 2889 3954; baseline 0 -25"><span class='ocrx_word' id='word_1_207' title='bbox 382 3863 784 3953; x_wconf 87' lang='lat' dir='ltr'>reliquerint</span> <span class='ocrx_word' id='word_1_208' title='bbox 825 3861 1003 3954; x_wconf 84' lang='lat' dir='ltr'>juris</span> <span class='ocrx_word' id='word_1_209' title='bbox 1065 3863 1273 3954; x_wconf 83' lang='lat' dir='ltr'>patrii</span> <span class='ocrx_word' id='word_1_210' title='bbox 1323 3885 1402 3929; x_wconf 90' lang='lat' dir='ltr'>ac</span> <span class='ocrx_word' id='word_1_211' title='bbox 1452 3863 1690 3954; x_wconf 86' lang='lat' dir='ltr'>legum</span> <span class='ocrx_word' id='word_1_212' title='bbox 1738 3886 2015 3932; x_wconf 88' lang='lat' dir='ltr'>suarum</span> <span class='ocrx_word' id='word_1_213' title='bbox 2086 3863 2598 3947; x_wconf 81' lang='lat' dir='ltr'>collectionem,</span> <span class='ocrx_word' id='word_1_214' title='bbox 2653 3862 2889 3951; x_wconf 83' lang='lat' dir='ltr'>quales</span> 
     </span>
     <span class='ocr_line' id='line_1_30' title="bbox 380 3981 2885 4074; baseline 0 -28"><span class='ocrx_word' id='word_1_215' title='bbox 380 4004 627 4071; x_wconf 89' lang='lat' dir='ltr'>paene·</span> <span class='ocrx_word' id='word_1_216' title='bbox 654 4005 885 4050; x_wconf 87' lang='lat' dir='ltr'>omnes</span> <span class='ocrx_word' id='word_1_217' title='bbox 939 3983 1189 4074; x_wconf 89' lang='lat' dir='ltr'>populi</span> <span class='ocrx_word' id='word_1_218' title='bbox 1219 3981 1608 4050; x_wconf 85' lang='lat' dir='ltr'>Germanici</span> <span class='ocrx_word' id='word_1_219' title='bbox 1661 3982 1728 4048; x_wconf 91' lang='lat' dir='ltr'>in</span> <span class='ocrx_word' id='word_1_220' title='bbox 1787 3981 2034 4072; x_wconf 77' lang='lat' dir='ltr'>regnis,</span> <span class='ocrx_word' id='word_1_221' title='bbox 2088 3981 2158 4047; x_wconf 88' lang='lat' dir='ltr'>in</span> <span class='ocrx_word' id='word_1_222' title='bbox 2191 3983 2339 4050; x_wconf 92' lang='lat' dir='ltr'>solo</span> <span class='ocrx_word' id='word_1_223' title='bbox 2374 3982 2690 4048; x_wconf 88' lang='lat' dir='ltr'>Romano</span> <span class='ocrx_word' id='word_1_224' title='bbox 2732 4002 2885 4047; x_wconf 89' lang='lat' dir='ltr'>con-</span> 
     </span>
     <span class='ocr_line' id='line_1_31' title="bbox 383 4098 2888 4192; baseline -0 -27"><span class='ocrx_word' id='word_1_225' title='bbox 383 4099 561 4182; x_wconf 87' lang='lat' dir='ltr'>ditis,</span> <span class='ocrx_word' id='word_1_226' title='bbox 615 4102 740 4169; x_wconf 82' lang='lat' dir='ltr'>sibi</span> <span class='ocrx_word' id='word_1_227' title='bbox 796 4111 1348 4192; x_wconf 88' lang='lat' dir='ltr'>composuerant.</span> <span class='ocrx_word' id='word_1_228' title='bbox 1403 4100 1798 4188; x_wconf 77' lang='lat' dir='ltr'>Quaeritur,</span> <span class='ocrx_word' id='word_1_229' title='bbox 1854 4099 2206 4188; x_wconf 90' lang='lat' dir='ltr'>quomodo</span> <span class='ocrx_word' id='word_1_230' title='bbox 2256 4100 2559 4190; x_wconf 86' lang='lat' dir='ltr'>populus</span> <span class='ocrx_word' id='word_1_231' title='bbox 2610 4098 2888 4166; x_wconf 89' lang='lat' dir='ltr'>Vanda-</span> 
     </span>
     <span class='ocr_line' id='line_1_32' title="bbox 381 4217 2890 4312; baseline 0.001 -28"><span class='ocrx_word' id='word_1_232' title='bbox 381 4217 607 4286; x_wconf 90' lang='lat' dir='ltr'>lorum</span> <span class='ocrx_word' id='word_1_233' title='bbox 661 4242 789 4311; x_wconf 89' lang='lat' dir='ltr'>per</span> <span class='ocrx_word' id='word_1_234' title='bbox 840 4229 1063 4291; x_wconf 85' lang='lat' dir='ltr'>totum</span> <span class='ocrx_word' id='word_1_235' title='bbox 1112 4221 1362 4291; x_wconf 87' lang='lat' dir='ltr'>saeculi</span> <span class='ocrx_word' id='word_1_236' title='bbox 1428 4220 1765 4312; x_wconf 85' lang='lat' dir='ltr'>spatium,</span> <span class='ocrx_word' id='word_1_237' title='bbox 1841 4217 1982 4286; x_wconf 87' lang='lat' dir='ltr'>sine</span> <span class='ocrx_word' id='word_1_238' title='bbox 2052 4218 2237 4286; x_wconf 90' lang='lat' dir='ltr'>omni</span> <span class='ocrx_word' id='word_1_239' title='bbox 2306 4217 2473 4311; x_wconf 83' lang='lat' dir='ltr'>juris</span> <span class='ocrx_word' id='word_1_240' title='bbox 2526 4240 2604 4284; x_wconf 92' lang='lat' dir='ltr'>ac</span> <span class='ocrx_word' id='word_1_241' title='bbox 2653 4219 2890 4310; x_wconf 83' lang='lat' dir='ltr'>legum</span> 
     </span>
     <span class='ocr_line' id='line_1_33' title="bbox 382 4336 2887 4437; baseline -0.003 -24"><span class='ocrx_word' id='word_1_242' title='bbox 382 4360 680 4429; x_wconf 78' lang='lat' dir='ltr'>corpore</span> <span class='ocrx_word' id='word_1_243' title='bbox 734 4360 1095 4408; x_wconf 57' lang='lat' dir='ltr'>remanere&gt;</span> <span class='ocrx_word' id='word_1_244' title='bbox 1133 4338 1453 4431; x_wconf 58' lang='lat' dir='ltr'>potum.</span> <span class='ocrx_word' id='word_1_245' title='bbox 1500 4342 1606 4408; x_wconf 88' lang='lat' dir='ltr'>Ne</span> <span class='ocrx_word' id='word_1_246' title='bbox 1666 4338 1828 4429; x_wconf 86' lang='lat' dir='ltr'>quis</span> <span class='ocrx_word' id='word_1_247' title='bbox 1891 4337 2212 4431; x_wconf 87' lang='lat' dir='ltr'>opinetur</span> <span class='ocrx_word' id='word_1_248' title='bbox 2264 4336 2729 4437; x_wconf 86' lang='lat' dir='ltr'>Vandalorum</span> <span class='ocrx_word' id='word_1_249' title='bbox 2780 4359 2887 4406; x_wconf 89' lang='lat' dir='ltr'>re·</span> 
     </span>
    </p>
   </div>
  </div>
 </body>
</html>
