3530 5132
1553 196 1636 261 39

348 379 675 453 ienpere’am
715 375 1076 449 perdidere.
1163 372 1266 430 Sic
1310 369 1660 446 frequenter
1702 388 1889 449 regna
1950 373 2164 449 gravat
2208 371 2341 447 plus
2386 372 2601 449 copia,
2668 390 2847 450 quam

352 463 558 539 inopia
602 477 1037 521 successorum.
1129 455 1277 515 Nam
1321 455 1427 513 filii
1471 455 1698 516 Attilae
1742 457 1952 534 gentes
2013 456 2142 515 sibi
2182 457 2387 515 dlvidz'
2428 476 2634 535 aequa
2678 467 2849 518 sorte

344 547 731 623 poscebant,
791 547 859 601 ut
904 542 980 600 ad
1025 544 1214 601 instar
1253 540 1514 599 familiae
1556 541 1938 600 mitterentur
1996 540 2056 598 in
2115 543 2309 600 sortes
2353 545 2515 601 etc.“
2622 543 2848 602 Simili-

349 640 445 692 ter
489 632 666 690 etiam
710 632 770 687 in
814 630 1153 687 Suevorum
1196 625 1424 703 populo
1468 625 1681 706 divisio
1723 627 1897 704 regni
1939 643 2186 703 magnas
2229 629 2662 687 controversias
2706 646 2848 687 evo-

352 718 533 777 cavit.
629 713 777 777 lsid.
822 714 1086 784 chronic.
1135 713 1503 784 Suevorum:
1593 710 1853 784 „Occiso
1897 710 2205 769 Rectiario
2249 711 2436 770 Suevi
2479 711 2711 788 bifarie
2754 714 2849 771 di-

353 804 480 861 visi
519 819 659 877 pars
704 800 751 857 F
758 802 960 870 ratan,
1021 816 1160 874 pars
1225 796 1533 856 Masdram
1574 796 1690 853 sibi
1733 815 1938 873 regem
1982 796 2375 855 constituunt.
2442 829 2526 841 ——
2563 828 2652 843 —-
2714 799 2850 874 Quo

356 889 617 946 extincto
685 887 840 942 inter
897 884 1272 941 Framasium
1332 886 1390 941 et
1430 882 1926 941 Remismundum
1967 880 2249 940 Masdrae
2290 882 2480 941 filium
2523 885 2727 943 oritur
2770 885 2849 941 ele

354 974 543 1050 requi
577 977 894 1046 potestate
938 970 1319 1027 dissense‘of‘

523 1078 623 1131 63.
670 1072 737 1130 J.
788 1069 884 1130 St.
930 1071 1190 1150 Ριῖιίεν,
1233 1069 1634 1128 institutiones
1674 1064 1831 1143 juris
1876 1067 2101 1143 publici
2144 1069 2194 1143 §.
2241 1073 2367 1127 445
2412 1085 2580 1142 seqq.
2635 1071 2849 1146 Geor-q

353 1158 640 1223 stlichael
688 1155 925 1227 lVeber,
972 1154 1309 1213 Handbuch
1356 1153 1460 1212 des
1505 1152 1948 1211 Lehenrechtes
1993 1152 2108 1226 III,
2153 1172 2211 1228 p.
2258 1157 2384 1213 380
2429 1171 2597 1229 seqq.
2645 1155 2850 1213 Hein-

354 1245 495 1301 rich
530 1242 728 1318 ΖόρΙῙ,
776 1240 1146 1299 Grundsiitze
1189 1240 1294 1298 des
1341 1238 1741 1297 Staatsrechts
1790 1239 1838 1312 §.
1886 1242 2030 1296 248.

527 1333 628 1386 64.
679 1323 1031 1384 Celebratur
1060 1324 1423 1384 Gensericus
1463 1327 1773 1397 tamquam
1813 1322 1984 1399 regni
2028 1321 2303 1380 conditor
2319 1340 2390 1380 ac
2427 1322 2629 1399 stirpis
2648 1324 2853 1401 regiae

357 1414 682 1487 proauctor
726 1429 761 1466 a
805 1410 1131 1468 Dracontio
1177 1413 1384 1485 poeta,
1431 1410 1535 1483 qui
1581 1406 2114 1467 Gunthamundum
2157 1426 2360 1486 regem
2423 1408 2850 1482 vandalorum,

358 1499 633 1573 nepotem
679 1494 1027 1567 Genserici,
1073 1494 1342 1553 versibus
1387 1495 1510 1553 suis
1552 1492 1939 1552 reconciliare
1984 1492 2247 1551 studuit=

925 1592 1183 1659 „Set-vet,
1221 1592 1305 1644 avi
1341 1596 1399 1643 ut
1430 1590 1609 1644 laudes
1641 1589 1812 1642 dicam
1846 1584 2142 1658 patriasque
2177 1605 2395 1661 suasque

992 1660 1197 1727 Perque
1232 1675 1353 1711 suas
1388 1659 1562 1727 proles
1598 1659 1741 1725 regia
1778 1662 1901 1709 vota
1937 1659 2173 1711 canam.“

359 1750 497 1809 Alio
539 1749 673 1809 loco
718 1746 1102 1825 praedicatur
1146 1747 1510 1805 Gensericus
1555 1747 1632 1804 ab
1682 1746 1891 1804 eodem
1935 1749 2149 1823 poeta:

529 1848 830 1916 „Inclytus,
868 1846 1218 1914 armipotens,
1255 1849 1460 1897 vestrae
1497 1844 1706 1913 pietatis
1743 1843 2158 1911 (Gunthamundi
2194 1844 2361 1910 regis)
2399 1844 2614 1911 oriyo.“

443 1936 639 1994 Etiam
695 1934 919 1992 ultimis
981 1933 1150 2009 regni
1228 1933 1595 2007 temporibus
1658 1931 1968 1990 Genserici
2025 1931 2351 1991 conditoris
2405 1950 2620 1991 nomen
2681 1934 2851 2006 quasi

362 2039 477 2098 pro
523 2019 784 2097 palladio
828 2018 1022 2095 gentis
1067 2016 1269 2093 regiae
1312 2034 1385 2073 ac
1430 2017 1612 2075 totius
1657 2015 1864 2091 populi
1912 2016 2220 2075 Vandalici
2263 2016 2611 2076 habebatur.
2684 2015 2853 2076 Geli-

362 2123 490 2164 mer
546 2124 650 2162 rex
706 2101 1008 2160 Vandalos
1068 2100 1427 2177 alloquitur:
1518 2094 1654 2184 ,,μ.ὴ
1724 2090 2242 2185 καταισχύνητε
2302 2092 2428 2185 τὴν
2476 2095 2849 2187 Γκερίχου

366 2181 643 2268 δόξαυ.“
684 2188 864 2246 Proc.
908 2186 993 2261 H,
1038 2192 1098 2245 2.
2690 2262 2695 2267 ν

536 2281 636 2332 65.
684 2274 845 2332 Huic
909 2269 1306 2329 successionis
1364 2270 1664 2347 principio
1726 2288 1939 2328 nomen
1982 2269 2182 2348 Leye‘s
2224 2270 2488 2331 Salio-ae
2529 2272 2709 2332 tribui
2753 2290 2852 2331 so-

362 2360 465 2418 let.
514 2359 598 2416 H.
647 2358 847 2435 Zopfl,
892 2355 1190 2415 deutsche·
1222 2353 1799 2432 Rechtsgeschichte
1843 2375 1904 2431 p.
1952 2360 2077 2414 403
2122 2357 2197 2434 (5.
2245 2357 2380 2430 33).

532 2466 634 2518 66.
681 2460 1010 2517 Hermann
1053 2455 1350 2531 schulze,
1394 2455 1491 2515 die
1532 2460 1773 2535 portug.
1821 2456 2068 2514 Thronf.
2118 2474 2174 2533 p.
2224 2462 2265 2516 8
2308 2475 2481 2532 seqq.

536 2566 637 2619 67.
684 2560 880 2618 Multa
921 2559 1298 2618 matrimonia
1343 2570 1552 2637 regum
1616 2577 1753 2618 cum
1823 2557 2058 2618 filiabus
2100 2559 2281 2638 regiis
2329 2562 2636 2619 enumerat
2683 2562 2856 2621 Geli-

365 2666 524 2717 rmn,
570 2645 763 2703 Lehre
805 2664 921 2703 von
963 2644 1072 2702 der
1112 2644 1627 2721 Ebenbiirtigkeit,
1676 2651 1863 2715 1846,
1906 2644 1958 2717 I,
2004 2664 2061 2719 p.
2098 2650 2177 2704 23
2221 2664 2416 2720 seqq.‚
2457 2648 2621 2705 certa
2662 2648 2860 2707 tamen

367 2729 580 2809 regula
623 2730 682 2787 in
726 2729 1115 2787 matrimoniis
1161 2729 1434 2787 ineundis
1479 2748 1596 2786 non
1640 2729 2071 2786 observabatur
2115 2749 2171 2806 p.
2224 2737 2367 2790 141.
2415 2734 2494 2792 G.
2545 2731 2745 2791 'Vaitz
2772 2732 2857 2804 11,

368 2837 430 2892 p.
485 2821 837 2874 125-128.
947 2814 1142 2872 Etiam
1187 2814 1520 2892 merovingi
1564 2815 1809 2890 saepius
1856 2831 1990 2872 cum
2035 2813 2264 2872 feminis
2311 2814 2608 2874 inferioris
2653 2816 2856 2876 condi-

369 2902 545 2959 tionis
593 2903 651 2958 et
695 2899 926 2957 ancillis
975 2901 1115 2974 ipsis
1161 2899 1468 2975 conjuncti
1513 2902 1718 2970 erant,
1782 2916 2037 2971 quarum
2098 2899 2271 2957 liberi
2326 2902 2715 2961 successionis
2759 2920 2858 2959 ca-

368 3004 544 3061 paces
589 2984 993 3042 habebantur:
1040 2984 1124 3040 H.
1159 2984 1358 3060 Zo‘pfi,
1399 2982 1974 3060 Rechtsgeschichte
2016 3000 2073 3057 p.
2124 2989 2245 3041 606
2291 2983 2374 3059 (§.
2424 2985 2553 3062 82).

541 3108 645 3159 68.
692 3100 861 3159 Jorn.
911 3098 985 3157 de
1032 3099 1157 3158 reb.
1207 3099 1342 3158 Get.
1390 3118 1523 3177 cap.
1572 3106 1684 3159 52:
1743 3098 2195 3173 „Theodericus
2241 3099 2370 3176 ejus
2411 3101 2570 3160 filius
2615 3100 2690 3160 de
2711 3101 2861 3161 Ere-

372 3186 530 3244 lieva
574 3185 968 3244 concubina.“
1078 3183 1201 3242 Nec
1247 3185 1444 3261 magni
1488 3202 1662 3261 reges
1707 3203 1742 3241 a
1788 3183 2078 3262 dignitate
2120 3202 2230 3242 sua
2275 3184 2531 3244 alienum
2577 3188 2861 3263 putarunt

371 3273 433 3329 in
490 3270 929 3329 matrimonium
997 3268 1219 3327 ducere
1288 3268 1645 3328 Theoderici
1674 3298 1677 3299 ⁷
1704 3269 1859 3328 filias
1927 3268 2276 3342 „naturales
2339 3290 2409 3328 ex
2470 3271 2860 3333 concubina.“

370 3353 540 3417 Jorn.
589 3362 691 3414 58.
738 3389 822 3401 --
906 3354 1086 3418 Proc.
1165 3354 1239 3412 dc
1283 3354 1424 3414 bell.
1484 3355 1673 3413 Vand.
1721 3354 1788 3428 1,
1847 3359 1925 3413 3:
1993 3348 2397 3438 ,,Γκὲριχος
2455 3351 2523 3416 δὲ
2604 3348 2860 3431 v6903.‘⁶

374 3440 577 3518 Apoll.
627 3439 831 3498 Sidon.
881 3437 1079 3499 Carm.
1122 3438 1207 3512 ΙΙ,
1252 3445 1368 3498 58:
1414 3439 1609 3514 „Cum
1652 3457 1828 3498 serva
1872 3440 1950 3497 sit
1991 3439 2079 3497 illi
2123 3439 2505 3518 (Genserico)
2548 3445 2712 3499 certa
2757 3461 2862 3517 pa·-

375 3529 577 3585 renS.“
625 3525 696 3598 V,
742 3529 857 3582 57:
907 3521 1170 3596 „famula
1208 3526 1376 3583 satus
1422 3525 1626 3583 olim.“
1714 3525 1838 3582 Nec
1876 3524 2090 3583 desunt
2125 3523 2412 3601 exempla,
2460 3525 2862 3599 quihus-Ger·

374 3611 532 3668 mani
575 3607 1001 3686 praeferebant
1045 3611 1357 3667 strenuum
1402 3628 1473 3667 ex
1517 3609 1855 3668 concubina
1899 3609 2087 3667 filium
2131 3609 2410 3688 legitimis
2455 3611 2659 3670 liberis
2705 3613 2863 3689 regis

377 3695 657 3754 defuncti.
747 3693 844 3751 Ita
890 3692 1169 3751 Alaricus
1213 3712 1320 3751 rex
1365 3694 1809 3771 visigothorum
1852 3694 2040 3753 filium
2082 3694 2411 3774 legitimum
2467 3696 2864 3756 Amalaricum

378 3799 448 3838 ex
493 3797 678 3839 uxore
720 3779 888 3855 regia
932 3781 1177 3845 natum,
1244 3777 1596 3853 parvulum,
1671 3782 1730 3836 ct
1778 3778 2123 3838 Gesalicum
2170 3800 2241 3839 ex
2286 3781 2621 3839 concubina
2651 3786 2866 3851 ortum,

376 3862 686 3936 adultum,
730 3862 1009 3935 reliquit3
1056 3861 1402 3921 Gesalicum
1447 3867 1645 3921 autem
1690 3863 2104 3939 praetulerunt
2149 3866 2442 3944 visigothi
2490 3866 2753 3945 legitimo
2798 3868 2867 3923 fi-

378 3947 475 4011 lio.
573 3947 944 4020 Asckbach,
992 3947 1354 4007 Geschichte
1396 3947 1504 4006 der
1549 3948 1935 4025 Westgothen
1997 3969 2055 4025 1».
2100 3955 2240 4009 1⁹3.
2305 3951 2517 4009 Isidor.
2566 3952 2865 4010 chronic.:

375 4031 729 4106 „Gesalicus
777 4031 1101 4108 superioris
1144 4034 1306 4112 regis
1352 4052 1432 4090 ea:
1475 4033 1829 4091 conc-abizza
1873 4032 2032 4091 filius
2076 4034 2357 4111 princeps
2404 4035 2720 4093 efficitur.“

545 4154 644 4208 69.
693 4148 864 4208 Jorn.
914 4149 990 4208 de
1032 4149 1159 4208 reb.
1207 4149 1344 4209 Get.
1396 4168 1449 4215 c,
1492 4153 1609 4210 362
1656 4144 2086 4222 „Gensericus,
2133 4168 2234 4208 rex
2280 4148 2703 4223 Vandalorum‚
2747 4168 2870 4207 me-

372 4235 583 4307 tuens,
629 4252 704 4291 ne
749 4234 1179 4308 Theodericus,
1225 4233 1672 4315 visigothorum
1731 4252 1874 4306 rex,
1938 4233 2098 4294 filiae
2141 4232 2533 4293 ulcisceretur
2574 4234 2871 4312 injuriam,
