3530 5132
1537 798 1611 911 ς.
1675 810 1738 876 1.

390 948 500 1007 DE
544 943 906 1007 RATIONE
963 942 1483 1004 SUCCEDENDI
1524 942 1611 1002 IN
1654 940 2265 1018 ANTIQUISSIMIS
2319 940 2893 1005 GERMANORUM

1476 1061 1803 1121 REGNIS.

596 1287 873 1357 Tacitus
893 1337 912 1376 ,
982 1281 1250 1357 nostrae
1315 1285 1729 1377 antiquitatis
1801 1284 2041 1354 doctus
2109 1294 2180 1358 et
2228 1285 2612 1378 intelligens
2666 1288 2895 1359 existi-

388 1417 609 1476 mator
628 1459 649 1493 ,
715 1406 865 1498 jam
916 1430 1038 1476 suo
1104 1416 1418 1499 tempore
1485 1406 1833 1498 duplicem
1906 1428 1987 1473 ac
2055 1404 2387 1474 diversam
2452 1404 2893 1475 Germanica·

386 1550 539 1597 rum
591 1527 936 1596 civitatum
987 1527 1277 1595 formam
1326 1527 1665 1594 observat.
1719 1523 2093 1617 Distinguit
2145 1524 2323 1592 enim
2375 1535 2662 1617 „gentes
2714 1549 2895 1616 quae

387 1656 761 1737 regnantur
782 1649 832 1687 ‘⁶
902 1648 992 1713 ab
1059 1647 1136 1715 iis
1190 1643 1606 1731 civitatibus,
1684 1635 1863 1733 quae
1930 1666 2130 1737 reges
2194 1666 2333 1712 non
2402 1643 2699 1733 habent,
2773 1644 2897 1714 sed

387 1766 477 1833 ab
535 1765 761 1833 electis
816 1764 1240 1856 principibus
1307 1765 1822 1858 gubernantur,
1895 1762 2130 1832 Germ.
2187 1787 2340 1855 cap.
2376 1762 2502 1832 25.
2572 1765 2730 1834 Non
2784 1774 2893 1832 ta-

387 1907 544 1952 men
602 1883 792 1975 apud
847 1883 1227 1970 Germanos
1278 1883 1471 1976 regia
1521 1894 1830 1975 potestas
1902 1882 2204 1950 libertati
2254 1883 2503 1973 populi
2558 1883 2895 1951 contraria

387 2014 557 2089 erat,
594 2025 718 2069 nec
753 2003 1033 2095 regibus
1076 2003 1346 2069 infinita
1396 2025 1474 2068 ac
1523 2002 1740 2068 libera
1780 2010 2081 2092 potestas
2102 1992 2158 2069 ².
2210 2001 2371 2067 Jam
2413 2012 2640 2069 autem
2677 2024 2896 2091 quae-

384 2122 582 2203 ritur,
638 2120 804 2209 quid
871 2120 1134 2187 intersit
1184 2119 1359 2187 inter
1409 2142 1655 2213 regum
1686 2127 2099 2210 potestatem
2157 2126 2224 2186 et
2276 2118 2670 2210 principum
2727 2120 2894 2187 illo-

383 2239 539 2308 rum
591 2236 1077 2307 autoritatem?

591 2356 815 2425 Taciti
866 2341 1293 2450 temporibus
1344 2354 1698 2441 discrimen
1749 2355 1966 2425 minus
2025 2353 2285 2447 majore
2336 2355 2690 2447 potestatis
2743 2379 2892 2423 am-

384 2476 767 2570 plitudine,
840 2499 1018 2566 quae
1083 2475 1364 2570 regibus
1423 2476 1789 2568 competit,
1862 2498 2071 2565 quam
2138 2475 2493 2568 potestatis
2544 2500 2772 2545 caussa
2823 2489 2892 2547 et

384 2597 825 2666 fundamento
878 2596 1282 2666 continetur.
1387 2595 1803 2690 Eligantur
1874 2598 2052 2665 enim
2120 2597 2467 2689 principes
2526 2620 2565 2663 a
2617 2599 2890 2691 populo

382 2717 477 2785 iisx
512 2716 581 2782 in
632 2715 1035 2793 civitatibuS‚
1089 2712 1435 2808 ubiregia
1465 2724 1769 2807 potestas
1819 2716 2121 2785 nondum
2174 2725 2287 2785 est*
2324 2725 2602 2807 recepta
2620 2706 2673 2784 3.
2746 2717 2888 2784 Re-

381 2858 505 2928 ges
558 2847 782 2904 autem
814 2832 1000 2927 jure
1050 2835 1508 2905 hereditario
1561 2846 1972 2927 potestatem
2024 2835 2333 2906 obtinent
2350 2825 2406 2902 4.
2463 2836 2653 2921 Quos
2678 2834 2890 2902 Taci-

383 2966 490 3024 tus
543 2955 990 3047 ,‚principes“
1042 2963 1263 3039 vocat,
1318 2955 1512 3022 electi
1565 2964 1718 3022 sunt
1770 2953 2239 3044 magistratus,
2313 2977 2614 3044 quorum
2664 2962 2888 3023 totum

372 3072 489 3163 jus
564 3083 632 3139 et
698 3073 1058 3141 auctoritas
1126 3071 1442 3138 mandato
1519 3068 1961 3161 popularium
2027 3071 2301 3151 nititur3
2392 3094 2592 3162 reges
2661 3082 2887 3140 autem

381 3189 729 3282 prodeunt
780 3212 875 3265 ex?
916 3189 1110 3283 regia
1161 3187 1415 3256 familia
1455 3186 1617 3280 jure
1667 3184 2108 3255 hereditario.
2164 3187 2459 3275 Quando
2494 3190 2671 3256 enim
2695 3190 2886 3280 apud

382 3309 761 3377 Germanos
831 3309 934 3377 vir
985 3318 1293 3378 strenuus
1333 3307 1423 3376 ad
1461 3307 1694 3401 regiae
1750 3307 2104 3399 potestatis
2155 3308 2499 3401 fastigium
2551 3309 2883 3401 pervenit,

379 3437 459 3496 ut
508 3426 987 3496 Maroboduus
1037 3429 1212 3496 inter
1245 3427 1790 3514 Marcomannos,
1851 3449 1987 3494 non
2038 3426 2165 3495 sibi
2216 3427 2365 3511 soli,
2422 3427 2542 3496 sed
2591 3427 2886 3496 familiae

378 3571 539 3616 suae
591 3545 993 3639 dignitatem
1043 3543 1369 3614 summam
1422 3547 1730 3636 acquirit,
1800 3545 1943 3614 Ubi
1994 3544 2233 3639 igitur
2284 3567 2550 3640 reges,
2620 3547 2722 3617 ihi
2773 3555 2881 3616 et·-

376 3667 526 3736 iam
579 3688 769 3760 gens
820 3665 1089 3760 regia,
1141 3665 1319 3732 inter
1369 3664 1629 3733 nobiles
1680 3664 2089 3734 nobilissima
2140 3664 2414 3736 familia.
2483 3667 2590 3736 Ita
2625 3689 2885 3736 summa

377 3785 810 3869 veneratione
874 3785 1062 3876 apud
1114 3784 1639 3852 Marcomannos
1692 3794 1761 3851 et
1817 3785 2096 3870 Quados
2151 3786 2505 3855 colebatur
2579 3785 2879 3873 „nobile

376 3904 797 3975 Marobodui
868 3913 936 3971 et
988 3903 1210 3970 Tudri
1266 3926 1477 3995 genus
1497 3905 1566 3987 ,⁶⁶
1621 3903 1792 3970 Tac.
1846 3903 2086 3973 Germ.
2141 3903 2283 3987 423
2339 3906 2433 3974 ita
2484 3913 2882 3975 creaverunt

376 4024 625 4090 Franci
675 4046 876 4116 reges
948 4023 1083 4109 „de
1159 4023 1382 4114 prima
1428 4032 1504 4089 *et
1554 4032 1630 4090 ut
1681 4021 1776 4088 ita
1844 4021 2065 4089 dicam
2133 4023 2453 4091 nobiliori
2520 4022 2879 4091 Merovin-

374 4165 626 4236 gorum
693 4142 1037 4227 familia,“
1092 4140 1393 4234 Gregor.
1437 4141 1703 4209 Turon.
1757 4141 1845 4226 11,
1901 4143 1974 4226 9,
2029 4141 2122 4207 ita
2197 4141 2423 4207 ferunt
2491 4140 2874 4233 „chlogio-

274 4300 277 4301 ν
374 4284 550 4348 nem,
606 4271 766 4329 tunc
788 4261 1269 4331 nobilissimum
1316 4261 1384 4328 in
1426 4283 1543 4330 sua
1583 4268 1809 4352 gente,
1865 4281 2103 4350 regem
2128 4258 2553 4327 Francorum
2603 4259 2876 4328 fuisse.“

2422 4381 2453 4434 1
