3530 5132
1848 214 1924 279 14

1742 303 2047 317 *φασι-...ς

644 397 932 491 jecturis
983 394 1373 487 supplendo
1393 444 1411 472 ‚
1486 391 1677 485 q'uod
1726 402 2119 485 temporum
2191 391 2438 485 injuria
2489 393 2809 482 abolevit,
2862 394 2952 464 ad
3006 419 3155 465 eam

650 519 866 588 solam
916 514 1400 584 constitutionis
1449 521 1720 606 partem
1772 533 1950 580 nunc
2017 512 2449 605 respiciamus
2470 567 2491 599 ,
2571 536 2748 604 quae
2799 538 2840 583 a
2890 517 3154 586 Proco-

654 638 774 730 pio
828 635 1096 721 tradita,
1150 631 1497 703 Genserici
1547 640 1922 727 praecepta
1973 631 2061 700 de
2112 632 2307 727 regni
2361 635 2778 705 successione
2826 636 3147 706 continet.

1852 1106 1872 1130 .
1927 1060 1998 1129 5.

773 1193 883 1254 DE
925 1191 1140 1253 LEGE
1183 1190 1757 1254 SUCCESSIOMS
1798 1066 1858 1253 {A
1904 1192 2361 1253 GENSERICO
2425 1192 3010 1255 PROMULGATA.

847 1367 949 1436 Ut
998 1364 1189 1457 apud
1261 1388 1491 1434 omnes
1562 1366 2064 1437 Germanorum
2134 1368 2475 1459 populoS,
2552 1367 2645 1435 sic
2715 1367 2916 1435 etiam
2973 1369 3149 1438 inter

642 1484 985 1555 Vandalos
1054 1486 1246 1553 initio
1306 1485 1426 1577 jus
1493 1485 1981 1556 hereditarium
2051 1509 2204 1554 cum
2273 1486 2603 1555 electione
2677 1487 2928 1579 populi
2978 1510 3145 1556 con-

632 1603 952 1697 junctum
1005 1613 1179 1671 erat.
1233 1603 1375 1672 Sed
1430 1607 1778 1696 occupatis
1830 1606 2302 1675 Romanorum
2353 1605 2739 1696 provinciiS,
2797 1629 2975 1695 quae
3010 1629 3142 1698 pro

639 1721 1053 1815 patrimonio
1107 1723 1440 1792 victorum
1493 1722 1971 1810 habebantur,
2041 1725 2267 1816 regnis
2322 1724 2821 1793 Germanorum
2872 1726 2943 1791 in
2993 1727 3142 1795 solo

638 1842 955 1910 Romano
1016 1842 1299 1911 conditis
1349 1843 1544 1935 regia
1595 1855 1896 1935 potestas
1946 1854 2084 1912 tam
2136 1843 2540 1934 augebatur,
2594 1852 2671 1910 ut
2708 1842 2949 1911 electio
3008 1867 3139 1935 po·

638 1962 792 2054 puli
841 1961 1057 2054 magis
1109 1962 1411 2055 magisve
1464 1974 1911 2032 evanesceret.
1969 1962 2145 2032 Cum
2199 1985 2518 2055 proceres
2570 1962 2830 2051 ubique
2886 1962 2955 2029 in
3011 1964 3138 2030 eli-

635 2080 873 2174 gendis
941 2080 1223 2174 regibus
1278 2106 1605 2152 summam
1658 2085 2127 2152 auctoritatem
2182 2081 2664 2167 exercuissent,
2738 2060 3137 2152 Geusericus

634 2212 794 2291 post
843 2201 1018 2271 illud
1069 2203 1437 2272 nobilitatis
1490 2203 1846 2289 excidium,
1900 2203 2090 2291 quod
2135 2201 2829 2285 commemoravimus,
2883 2202 3135 2270 audere

632 2322 881 2412 potuit,
934 2332 1012 2391 ut
1061 2345 1352 2415 regnum
1394 2302 1850 2390 vandalicum
1892 2322 2143 2389 faceret
2181 2344 2367 2389 mere
2404 2319 2914 2388 hereditarium.
2967 2321 3134 2387 Mea

631 2439 908 2527 quidem
959 2442 1324 2526 sententia,
1395 2463 1547 2506 cum
1614 2440 1830 2510 fracta
1896 2440 2228 2505 nobilium
2280 2436 2717 2528 oppositione
2768 2438 3131 2506 arctissime

629 2556 950 2626 cohaeret
1003 2555 1305 2648 ejusdem
1356 2556 1538 2647 regis
1589 2557 1697 2625 lex
1751 2556 2173 2642 successoria,
2227 2579 2367 2648 qua
2398 2553 2516 2647 jus
2570 2555 2868 2647 eligendi
2919 2556 3127 2648 plane

626 2676 1039 2765 antiquatur.
1094 2673 1237 2743 Sed
1294 2674 1622 2744 electione
1675 2676 1922 2769 populi
1975 2675 2255 2761 abolita,
2312 2697 2558 2744 omnes
2608 2674 2733 2743 filii
2782 2676 2964 2768 regis
3000 2676 3128 2745 de—

626 2793 842 2864 functi
894 2794 1143 2863 eodem
1185 2795 1351 2887 jure
1400 2794 1818 2863 hereditario
1871 2795 2176 2887 gaudere
2224 2795 2667 2879 videbantur,
2725 2795 2821 2863 ita
2871 2805 2950 2863 ut
3000 2795 3114 2864 di-

623 2912 803 2982 visio
879 2914 1075 3007 regni
1144 2914 1381 2984 evitari
1454 2915 1882 3004 nequivisset.
1986 2913 2102 2982 Sic
2151 2915 2221 2982 in
2271 2914 2696 2982 Francorum
2762 2914 3031 3006 populo
3085 2938 3125 2982 a

624 3032 1050 3103 Chlodovaei
1116 3043 1432 3126 tempore
1496 3057 1791 3128 regnum
1883 3033 2312 3102 dividebatur
2380 3033 2556 3100 inter
2623 3032 2839 3119 filios,
2933 3034 3125 3124 quasi

620 3154 854 3247 regiae
905 3152 1199 3223 familiae
1249 3154 1733 3247 patrimonium
1756 3143 1851 3223 ⁶¹.
1940 3154 2104 3223 Sine
2171 3153 2385 3222 dubio
2437 3153 2646 3220 talem
2697 3151 2894 3245 regni
2948 3152 3119 3221 divi-

619 3273 874 3343 sionem
925 3282 1085 3365 post
1138 3272 1484 3341 Genserici
1553 3282 1846 3340 mortem
1898 3270 2043 3364 ejus
2094 3272 2218 3339 filii
2271 3271 2763 3363 poposcissent,
2816 3271 2939 3339 nisi
2992 3292 3114 3341 rex

618 3392 1173 3484 prudentissimus
1226 3390 1560 3483 ejusmodi
1612 3390 1954 3459 desideriis
2007 3390 2479 3460 constitutione
2529 3413 2650 3458 sua
2694 3392 3113 3463 occurrisset.

554 3543 557 3546 ·
615 3511 861 3580 Nonne
914 3510 1314 3580 Gensericus
1364 3510 1711 3578 interitum
1764 3509 2203 3601 potentissimi
2258 3509 2455 3603 regni
2505 3510 2916 3577 Hunnorum
2940 3559 2959 3594 ‚
3031 3530 3116 3576 ex

616 3627 942 3698 divisione
963 3640 1210 3708 ortum,
1263 3640 1408 3698 tum
1427 3641 1583 3697 ante
1616 3630 1853 3698 oculos
1890 3620 2275 3699 l1abuit⁶²²2
2328 3632 2474 3697 Nec
2507 3627 2952 3696 dubitandum
2989 3637 3109 3712 est,

614 3748 778 3837 quin
828 3748 1100 3833 divisio,
1151 3747 1222 3814 in
1272 3748 1582 3817 omnibus
1632 3749 1861 3842 regnis
1929 3750 2346 3841 periculosa,
2425 3745 2888 3815 vandalorum
2940 3768 3112 3813 rem·

612 3868 961 3961 publicam
993 3866 1216 3937 statim
1235 3852 1599 3937 eversisset.
1655 3868 2115 3938 vandalorum
2135 3868 2309 3937 enim
2328 3866 2632 3959 populus
2664 3864 2852 3933 haud
2873 3886 3108 3934 nume-

609 4010 820 4083 rosus,
840 3987 1151 4074 Arianus‚
1187 3986 1677 4056 catholicorum
1691 3987 2064 4057 incolarum
2083 3986 2348 4055 inimica
2371 3984 2802 4053 multitudine
2820 3985 3098 4053 circum·

606 4107 825 4194 datum,
878 4108 1067 4179 nulla
1118 4107 1250 4175 alia
1300 4108 1582 4196 ratione,
1638 4131 1847 4198 quam
1904 4107 2215 4177 indiviso
2269 4105 2479 4174 unius
2530 4105 2741 4197 regis
2792 4104 3107 4195 imperio,

605 4228 1075 4299 auctoritatem
1125 4250 1312 4297 suam
1364 4226 1732 4297 defendere
1783 4227 2034 4320 potuit.
2088 4227 2394 4318 Magnae
2444 4223 2656 4316 igitur
2695 4221 3103 4315 prudentiae

604 4355 704 4415 est
759 4337 1277 4434 documentum,
1358 4347 1548 4438 quod
1617 4348 1879 4439 primus
1929 4370 2009 4416 ac
2059 4347 2280 4432 soluS,
2350 4343 2525 4413 inter
2598 4365 2830 4413 omnes
2896 4340 3103 4433 hujus
