3530 5132
1916 174 1996 237 16

685 350 800 441 jus
832 348 1254 420 'succedendi
1304 348 1768 419 concedebant
1785 340 1878 420 ⁶⁵.
1989 349 2197 436 Quod
2265 351 2352 419 ad
2425 351 2718 423 filiarum
2779 352 2896 443 jus
2966 375 3200 423 succe-

693 469 899 539 dendi
948 470 1230 547 adtinet,
1286 468 1582 537 diversos
1641 468 2142 539 Germanorum
2195 471 2493 563 populos
2544 471 2808 541 diversa
2860 471 3200 564 principia

694 590 780 658 ab
831 590 1023 658 initio
1075 597 1338 657 secutos
1392 610 1554 675 esse,
1610 589 1745 655 alio
1796 590 1954 656 loco
2007 592 2293 682 exposui
2314 580 2410 657 ⁶⁶.

845 709 932 800 3)
986 708 1211 800 Origo
1264 728 1358 775 ex
1404 706 1711 799 aequali
1758 708 2231 777 matrimonio
2253 760 2271 796 ‚
2328 732 2507 799 quae
2561 708 2773 778 hodie
2811 707 2988 801 juris
3038 732 3193 780 suc-

684 828 973 898 cedendi
1022 826 1320 895 conditio
1372 849 1515 895 esse
1564 827 1741 895 solet
1763 876 1783 910 ‚
1835 849 1879 893 a
1931 825 2298 896 Genserico
2352 849 2499 896 non
2547 829 2945 919 requiritur.
3048 830 3194 897 Nec

686 948 937 1026 mirum
986 945 1126 1014 hoc
1173 945 1480 1031 videtur,
1534 968 1687 1013 cum
1739 946 1871 1014 illis
1923 949 2390 1038 temporibus,
2440 948 2511 1014 in
2561 948 2750 1017 nulla
2801 947 3191 1017 Germano-

686 1088 842 1141 rum
893 1065 1088 1158 regia
1139 1066 1431 1152 familia,
1503 1075 1689 1133 certa
1740 1065 2096 1159 'principia
2148 1065 2236 1134 de
2286 1066 2684 1156 aequalibus
2751 1067 3190 1135 matrimoniis

685 1185 1012 1254 valerent.
1119 1188 1554 1277 Quamquam
1628 1207 1898 1275 semper
1951 1195 2021 1254 et
2071 1185 2329 1275 ubique
2395 1186 2824 1255 matrimonia
2873 1210 3029 1255 cum
3078 1210 3189 1257 re-

682 1327 852 1398 gum
902 1304 1172 1374 filiabus
1223 1306 1505 1399 regibus·
1553 1302 1802 1395 majori
1868 1304 2054 1372 laudi
2108 1314 2316 1394 atque
2364 1304 2613 1372 honori
2663 1316 2894 1375 erant:
2960 1319 3188 1375 tamen

680 1446 1118 1515 nequaquam
1170 1424 1359 1516 apud
1413 1425 1732 1509 Francos,
1789 1422 2292 1517 OstrogothoS,
2345 1424 2744 1518 visigothos
2766 1477 2785 1512 ‚
2841 1425 3189 1494 vandalos

680 1545 882 1612 liberi
934 1566 1018 1613 ex
1069 1544 1284 1612 minus
1337 1543 1681 1611 nobilibus
1734 1543 2061 1611 uxoribus
2082 1593 2101 1628 ‚
2171 1565 2258 1610 ne
2309 1567 2393 1611 ex
2444 1545 2830 1613 concubinis
2883 1543 3184 1632 quidem,

681 1686 723 1733 a
773 1662 968 1754 regni
1010 1661 1434 1750 successione
1484 1682 1756 1751 semper
1811 1661 2348 1729 excludebantur
2372 1654 2462 1731 ⁶⁷.
2559 1663 2661 1733 Ut
2711 1660 3181 1730 Theodericus

679 1781 1001 1872 Magum,
1053 1803 1175 1849 rex
1228 1778 1838 1871 Ostrogothorum‚
1896 1800 1979 1844 ex
2030 1779 2347 1847 Erelieva
2378 1782 2776 1867 concubina,
2827 1780 2921 1848 sic
2975 1781 3181 1848 etiam

682 1899 1085 1972 Gensericus
1139 1923 1222 1968 ex
1274 1899 1519 1967 ancilla
1572 1906 1717 1965 erat
1786 1904 1981 1967 natus
1999 1886 2090 1965 ⁶⁸.
2163 1898 2321 1967 Duo
2374 1908 2636 1968 tantum
2714 1898 3182 1969 vandalorum

673 2042 912 2112 reges,
983 2020 1365 2089 Hunericus
1418 2028 1488 2093 et
1538 2017 2135 2104 Thrasamundus,
2214 2042 2368 2087 cum
2420 2019 2687 2087 filiabus
2740 2043 2985 2113 regum
3039 2044 3180 2089 ma-

675 2140 996 2208 trimonio
1063 2138 1407 2232 conjuncti
1477 2148 1667 2207 erant
1683 2128 1755 2172 ⁶⁹
1774 2187 1793 2222 ‚
1883 2121 2092 2205 ceteri
2156 2138 2508 2208 habebant
2584 2161 2827 2209 uxores
2898 2141 3176 2233 originis

671 2261 973 2353 ignotae.
1026 2258 1296 2328 Eodem
1347 2266 1574 2325 autem
1614 2255 1779 2348 jure
1828 2257 2229 2325 succedendi
2279 2257 2673 2349 gaudebant
2708 2282 2939 2327 omnes
2990 2258 3174 2326 Gen-

671 2379 860 2446 serici
913 2378 1191 2446 masculi
1238 2375 1753 2458 descendenteS‚
1823 2377 2011 2442 nulla
2069 2384 2394 2442 matrum
2447 2376 2722 2465 originis
2773 2377 3009 2443 habita
3059 2399 3173 2442 ra-

651 2496 878 2564 tione.
928 2537 929 2540 =
983 2487 1191 2581 Quod
1259 2494 1470 2584 igitur
1541 2490 1925 2580 Gregorius
1995 2490 2408 2559 Turonensis
2459 2491 2545 2578 V,
2589 2489 2716 2560 21.
2787 2492 2876 2560 de
2925 2517 3172 2587 regum

668 2616 1093 2692 Francorum
1143 2612 1373 2680 liberis
1438 2607 1832 2704 praedicat,
1904 2607 2106 2679 etiam
2176 2609 2265 2678 de
2316 2610 2782 2681 Vandalorum
2832 2615 3173 2707 progenie

671 2735 892 2803 valet:

873 2847 1468 2946 „praetermissis
1518 2871 1708 2918 nunc
1761 2848 2162 2944 generibus
2190 2847 2697 2942 seminarum,
2751 2849 2933 2942 regis
2984 2852 3170 2920 voci·

667 2980 898 3045 tantur
953 2970 1174 3057 liberi,
1229 2969 1347 3061 qui
1401 2969 1492 3041 de
1543 2968 1826 3062 regibus
1884 2969 2136 3038 fuerint
2187 2969 2599 3061 procreati.“

1864 3509 1883 3530 .
1946 3463 2016 3532 7.

720 3596 829 3656 DE
874 3597 1179 3659 ORDINE
1224 3593 1738 3658 SUGCEDENDI
1782 3467 1892 3656 E§X
1936 3593 2590 3657 CONSTITUTIONE
2636 3592 3093 3655 GENSERICI.

866 3802 1042 3874 Cum
1098 3802 1414 3872 omnium
1467 3801 1816 3872 Genserici
1892 3799 2435 3871 descendentium
2522 3800 2972 3870 masculorum
3045 3798 3163 3891 jus

657 3922 1057 3991 succedendi
1106 3922 1237 3991 hac
1286 3925 1756 3992 constitutione
1804 3922 2127 3991 sancitum
2180 3929 2382 4006 esset,
2460 3942 2680 4008 eaque
2746 3920 2907 4010 lege
2961 3943 3162 4011 prae·

655 4041 860 4134 cipue
910 4043 979 4112 id
1030 4052 1472 4136 spectaretur,
1522 4051 1602 4111 ut
1648 4041 2039 4111 indivisum
2087 4062 2376 4131 regnum
2410 4022 2941 4124 conservaretur,
2996 4062 3162 4130 pru·

652 4161 839 4239 denti
908 4163 1061 4255 regi
1110 4163 1315 4233 etiam
1384 4161 1557 4231 ordo
1624 4171 1846 4230 certus
1918 4158 2310 4230 statuendus
2376 4169 2558 4244 erat,
2632 4180 2773 4246 quo
2841 4180 3014 4226 unus
3080 4179 3163 4225 ex

654 4282 964 4352 omnibus
1015 4282 1121 4352 his
1175 4283 1438 4373 agnatis
1488 4284 1557 4352 in
1609 4284 1851 4371 quovis
1904 4300 2058 4350 casu
2108 4278 2596 4371 designaretur,
2653 4279 2770 4366 qui
2822 4277 3002 4346 solus
3056 4299 3157 4345 es-
