3530 5132
1310 669 1990 778 rnoonu1ou

643 1211 1033 1323 Vandali,
1114 1216 1257 1323 qui
1319 1227 1678 1328 regnum
1741 1209 2398 1299 florentissimum
2465 1220 2548 1300 in
2608 1216 2906 1302 Africa

249 1464 258 1472 ,
399 1379 938 1465 condiderunt
1018 1389 1269 1491 atque
1326 1401 1484 1491 per
1541 1403 1789 1464 unum
1857 1383 2274 1466 saeculum
2354 1385 2902 1497 obtinuerunt,

401 1571 677 1658 neque
726 1550 942 1655 juris
1003 1554 1249 1658 patrii
1314 1542 1917 1661 collectionem,
1995 1574 2276 1660 neque
2335 1549 2747 1666 formulas,
2806 1559 2898 1637 ut
2975 1641 2978 1644 ,

404 1723 742 1802 ceterae
807 1714 1406 1804 Germanorum
1466 1723 1804 1832 gentes,
1865 1720 2400 1829 reliquerunt.
2484 1716 2906 1805 Deficien-

401 1887 619 1968 tibus
649 1893 652 1896 ’
682 1888 1079 1994 ejusmodi
1123 1889 1684 1997 monumentis,
1742 1910 1905 1970 non
1950 1890 2227 1970 mirum
2277 1889 2624 1997 videtur,
2687 1887 2905 1995 quod

407 2075 690 2135 omnes
778 2057 1087 2162 antiqui
1170 2056 1435 2137 nostri
1508 2054 1724 2159 juris
1805 2058 2467 2165 investigatores
2551 2078 2908 2166 regnum

260 2311 263 2312 f
403 2223 655 2328 atque
725 2222 872 2327 jus
950 2221 1508 2305 Vandalorum
1594 2228 1737 2303 aut
1812 2221 2059 2329 plane
2156 2221 2690 2333 neglexerint
2768 2227 2908 2304 aut

405 2389 672 2471 obiter
734 2395 1041 2472 tantum
1099 2392 1557 2502 tetigerint.

642 2579 870 2678 Inter
932 2595 1315 2707 singulas
1376 2594 1628 2707 leges
1671 2594 2197 2704 Vandalicas,
2259 2615 2306 2675 a
2369 2594 2908 2700 scriptoribus

406 2762 794 2873 traditas,
875 2763 1018 2844 illa
1107 2764 1577 2845 constitutio
1659 2757 2105 2846 Genserici
2133 2757 2161 2794 ¹
2244 2760 2907 2868 praeclarissime

412 2933 735 3041 eminet,
801 2954 969 3038 qua
1028 2924 1389 3043 magnus
1456 2932 1589 3013 ille
1651 2953 1833 3038 rex,
1899 2933 2210 3034 primus
2250 2952 2350 3009 ac
2402 2928 2632 3009 solus
2693 2931 2907 3011 inter

410 3069 697 3182 omnes
761 3094 1303 3179 Germanicos
1387 3117 1656 3207 reges
1739 3094 1954 3176 illius
2035 3096 2471 3202 temporis7
2552 3092 2910 3176 ordinem

412 3264 916 3349 succedendi
976 3266 1057 3347 in
1116 3285 1393 3376 regno
1445 3286 1598 3346 suo
1645 3262 2062 3345 stabilivit.
2127 3259 2361 3360 Quae
2401 3263 2907 3372 gravissima

412 3436 695 3547 magni
767 3430 1234 3516 Germanici
1294 3437 1537 3544 regis
1597 3434 2067 3515 constitutio
2131 3432 2321 3510 mihi
2381 3431 2584 3508 satis
2647 3427 2902 3535 digna

413 3602 769 3711 videtur,
833 3608 926 3683 ut
989 3599 1402 3712 singulari
1469 3601 2139 3684 commentatione
2205 3598 2338 3678 hic
2408 3597 2741 3700 primum
2783 3596 2914 3675 in-

415 3773 935 3883 vestigetur.'
1050 3738 1588 3851 Praeclarum
1669 3768 1883 3849 enim
1943 3768 2251 3849 obtinet
2311 3764 2570 3845 locum
2635 3763 2721 3841 in
2780 3760 2913 3840 hi-

419 3942 675 4023 storia
725 3939 943 4045 juris
1006 3932 1480 4020 Germanici
1562 3940 1817 4042 atque
1895 3937 2194 4041 optime
2275 3932 2623 4013 illustrat
2685 3929 2920 4034 prin-

414 4109 631 4213 cipia
710 4105 1328 4213 successionis,
1407 4127 1622 4212 quae
1706 4106 1791 4184 in
1872 4102 2228 4210 antiquis
2321 4093 2919 4186 Germanorum

259 4298 277 4321 ⁸
420 4277 732 4387 regnis
799 4276 1259 4360 valuerunt.
