3530 5132
1828 207 1914 273 36

628 405 843 449 rarum
878 389 1066 446 instar
1111 385 1375 464 gentium
1400 427 1418 457 ,
1481 385 1839 442 statuerunt.
1926 380 2227 459 Regnavit
2291 381 2474 459 igitur
2516 397 2699 457 super
2742 397 2845 438 eos
2893 378 3124 455 primus

627 473 1081 552 Agelmundus,
1125 471 1286 531 filius
1331 469 1595 544 Ayonis,
1640 486 1721 526 ezr
1758 469 2068 543 prosapia
2105 467 2347 526 ducens
2390 468 2696 544 oriyinem
2748 467 3126 542 Gunyinyo-

626 580 801 633 rum,
843 561 1007 637 quae
1048 557 1224 630 apud
1265 574 1373 614 eos
1409 556 1787 631 qenerosior
1828 552 2241 611 habebatur.“

798 666 901 719 23.
947 657 1213 718 Tabulas
1258 654 1673 734 genealogicus
1718 672 1929 732 regum
1977 652 2508 731 Langobardorum
2553 651 2837 711 debemus
2868 654 3124 710 acumini

626 747 861 804 Ottonis
907 742 1081 816 Abel,
1128 759 1285 816 quae
1329 739 1597 816 adjectae
1641 742 1783 797 sunt
1816 738 2194 798 translationi
2219 738 2393 798 Pauli
2418 739 2688 797 Diaconi.
2738 738 3127 811 (Geschicht·

626 831 933 889 'schreiber
978 827 1086 885 der
1130 825 1458 884 deutschen
1501 825 1793 894 vorzeit.)

794 937 896 990 24.
951 927 1106 988 Carl
1148 927 1358 1005 Heyel
1402 926 1462 984 in
1528 905 1718 984 libro:
1786 924 2149 985 Geschichte
2207 924 2315 984 der
2377 924 2952 1004 Stz‘idteversassung
3008 943 3127 984 von

622 1016 838 1075 Italien
881 1015 932 1073 I.
976 1033 1041 1089 p.
1090 1017 1254 1087 448,
1318 1010 1600 1084 breviter,
1663 1011 1774 1069 sed
1817 1010 2123 1090 ingeniose
2187 1009 2425 1069 disserit
2484 1010 2558 1069 de
2614 1011 2783 1090 regia
2822 1014 3125 1087 potestate

620 1098 1167 1180 Langobardorum.

789 1208 894 1261 25.
944 1200 1269 1260 Hermann
1314 1196 1627 1272 Sckulze,
1692 1197 1801 1256 das
1859 1197 2055 1258 Recht
2099 1197 2207 1257 der
2250 1198 2605 1277 Erstgeburt
2675 1199 2724 1273 §.
2791 1202 2869 1257 12
2915 1200 2972 1256 et
3023 1203 3125 1270 13,

619 1305 677 1363 p.
724 1291 998 1346 39—45.

790 1393 895 1448 26.
937 1385 1343 1458 Francorum,
1388 1383 1919 1464 Anglosaxonum,
1982 1384 2519 1460 Scandinavorum‚
2564 1383 2966 1443 vandalorum
3010 1389 3123 1442 etc.

616 1491 819 1552 regna.

789 1580 891 1633 27.
936 1573 1382 1651 visigothorum
1425 1589 1714 1649 regnum3
1774 1572 1950 1631 etiam
2003 1572 2321 1650 imperium
2381 1572 3122 1649 Romano-germanicum

616 1659 822 1735 primis
864 1656 1236 1733 temporibus
1281 1655 2084 1730 hereditarium-electicum,
2143 1660 2359 1734 postea
2417 1676 2580 1716 mere
2640 1657 2970 1715 electicium
3033 1656 3121 1713 sa-

618 1748 778 1802 ctum
825 1744 937 1803 est.
979 1742 1311 1800 Hermann
1353 1739 1634 1799 Schulze
1677 1760 1740 1817 p.
1787 1748 2065 1801 26-31.

785 1850 887 1902 28.
933 1842 1124 1902 Felix
1177 1842 1614 1915 Papencordt,
1703 1842 2060 1903 Geschichte
2123 1841 2232 1901 der
2278 1843 2705 1902 vandalischen
2763 1842 3121 1901 Herrschast

612 1933 673 1988 in
718 1928 944 2000 Africa,
992 1927 1187 1986 1837.
1221 1927 1427 1987 Louis
1465 1927 1755 2000 Marcus,
1799 1929 2068 1988 Histoire
2104 1927 2210 1987 des
2254 1927 2591 2001 Wandales‚
2640 1934 2825 1987 1836.
2877 1929 3123 2003 Cas-par

616 2017 838 2086 Zeuss,
882 2013 980 2072 die
1021 2012 1375 2074 Deutschen
1418 2010 1543 2069 und
1580 2011 1686 2072 die
1728 2014 2280 2087 Nachbarstiimme,
2328 2018 2513 2086 1837,
2558 2033 2620 2090 p.
2669 2019 3032 2076 443-455.

783 2123 888 2175 29.
924 2115 1191 2189 Procop.
1238 2112 1313 2172 de
1356 2113 1515 2172 bello
1558 2115 1746 2174 Vand.
1796 2116 1848 2190 Ι,
1893 2123 1970 2175 23
2019 2107 2337 2177 roz-Sta&
2384 2105 2544 2196 ἔθνη
2579 2107 2808 2174 πολλὰ
2853 2108 2974 2198 μὲν
3004 2105 3118 2173 καὶ

611 2194 799 2261 ἄλλα
845 2193 1053 2284 πρότε
1099 2192 1169 2259 όν
1215 2217 1291 2258 τε
1341 2182 1419 2280 ἦν
1467 2191 1579 2258 καὶ
1627 2196 1835 2261 τανῦν
1883 2194 2062 2272 ἐστι,
2110 2193 2200 2260 τὰ
2248 2195 2316 2258 δὲ
2362 2193 2439 2281 δὴ
2490 2190 2759 2258 πάντων
2826 2190 3118 2284 μέγιστά

608 2307 685 2348 τε
734 2276 846 2345 καὶ
901 2219 1435 2363 ἂξιοςκογὼτατα
1491 2278 1778 2362 Γότθοι,
1802 2280 1878 2345 τὲ
1926 2282 2047 2344 εἰσι
2097 2282 2212 2343 καὶ
2256 2277 2666 2342 Βανδίλοι
2719 2275 2829 2341 καὶ
2891 2271 3116 2343 Οὖισί-

608 2372 856 2450 ‘yar-901
905 2361 1017 2429 καὶ
1064 2362 1402 2446 Γὴπαιδες
1444 2401 1522 2411 -—
1568 2402 1654 2414 —
1698 2364 1890 2429 οὑτοι
1951 2360 2246 2440 ἅπαντες
2290 2360 2564 2448 ὀνόμασι
2612 2361 2731 2446 μὲν
2793 2360 3119 2424 ἀλλ’λων

607 2450 1058 2535 διαφέρουσιν,
1105 2445 1324 2534 ὥσπερ
1374 2443 1652 2535 εἴρηται,
1687 2444 1881 2529 ἄλλῳ
1928 2447 1994 2508 δὲ
2040 2450 2174 2510 τῶν
2220 2442 2489 2509 πάντων
2537 2437 2747 2508 οὐδενὶ
2797 2442 2951 2507 διαλ
3004 2441 3138 2507 ἁσ·

607 2556 794 2600 σουσι
844 2572 925 2582 -—
968 2569 1050 2582 —
1099 2527 1209 2593 καὶ
1258 2527 1478 2618 νόμοις
1519 2531 1638 2616 μὲν
1669 2532 1807 2608 τοῖς
1869 2521 2097 2606 αὐτοῖς
2138 2532 2486 2633 χρῶνται,
2536 2526 2774 2618 ὁμοίιος
2817 2527 2885 2592 δὲ
2930 2526 3019 2595 τὰ
3067 2526 3125 2608 ἐς

604 2618 724 2685 τὸν
770 2613 931 2681 θεὸν
978 2605 1207 2691 αὐτοῖς
1265 2609 1596 2700 ἤσκηται.
1657 2617 1778 2697 τῆς
1820 2620 1947 2702 γὰρ
2016 2611 2273 2701 Ἀρειου
2342 2609 2537 2700 δόξης
2580 2609 2737 2677 εἰσὶν
2786 2609 3116 2694 ἅπαντες..

604 2699 800 2789 φωνή
846 2724 924 2766 τε
970 2690 1197 2775 αὐτοῖς
1241 2695 1381 2763 ἐστι
1427 2701 1550 2788 μία
1597 2695 1912 2786 soz-9126]
1961 2696 2287 2786 λεγομένη
2338 2743 2623 2766 .....

772 2813 879 2869 30.
921 2804 1080 2863 Plin.
1126 2804 1288 2861 Hist.
1330 2803 1464 2861 Nat.
1510 2804 1616 2876 lv,
1666 2811 1765 2863 14.
1812 2806 2002 2863 Tacit.
2052 2805 2256 2863 Germ.
2305 2823 2356 2863 c.
2405 2812 2464 2864 2.

775 2913 881 2970 31.
926 2905 1341 2980 Ραρεηεονάι
1382 2924 1445 2981 p.
1494 2911 1553 2965 4.
1602 2907 1806 2965 Zeus-s
1845 2927 1909 2984 p.
1939 2912 2086 2966 445.

776 3015 880 3109 32.
911 3007 1044 3107 Pio
1090 3005 1258 3065 Cass.
1309 3012 1411 3082 55,
1459 3012 1535 3066 12
1603 3002 1704 3093 ῥεῖ
1750 3002 1820 3068 δὲ
1864 3002 1932 3081 (ὁ
1962 2999 2284 3086 ”Αλβιος)
2333 2998 2406 3067 ἐκ
2455 3004 2590 3068 τῶν
2637 2994 3115 3069 Οὗανδαλι-

608 3114 769 3155 κων
818 3114 848 3154 ο
898 3113 1006 3153 ων.
2451 3138 2454 3141 -

622 3172 627 3179 ’
777 3114 889 3237 323
926 3178 1099 3236 Jorn.
1144 3194 1272 3252 cap.
1321 3182 1438 3237 22:
1501 3197 1666 3253 „quo
1710 3183 1981 3255 tempore
2027 3181 2197 3236 erant
2241 3179 2299 3235 in
2348 3196 2419 3236 eo
2465 3177 2596 3236 loco
2642 3183 2967 3252 manenteS,
3013 3180 3113 3238 ubi

607 3264 900 3342 Gepidae,
945 3261 1160 3321 sedent
1194 3262 1369 3337 juxta
1412 3263 1659 3322 flumina
1703 3265 1980 3335 Marisia,
2025 3263 2261 3321 Miliare
2306 3266 2367 3320 et
2411 3262 2598 3339 Gilpil
2642 3267 2701 3322 ct
2747 3264 2967 3336 Grisia‚
3013 3266 3117 3338 qui

606 3368 811 3408 amnes
858 3346 1239 3425 supradictos
1286 3346 1535 3405 excedit.
1627 3349 1817 3405 Erant
1864 3364 2123 3420 namque
2166 3346 2284 3404 illis
2329 3350 2472 3404 tunc
2516 3347 2589 3404 ab
2635 3349 2864 3406 oriente
2910 3349 3117 3421 Gothi,

606 3437 679 3493 ab
726 3433 1035 3493 occidente
1076 3432 1526 3504 Marcomanni,
1589 3450 1623 3488 a
1666 3432 2078 3508 septentrione
2123 3431 2570 3504 Hermunduri,
2634 3452 2670 3490 a
2713 3435 2960 3493 meridie
3004 3435 3118 3491 Hi·

607 3526 764 3592 ster,
810 3519 912 3593 qui
956 3519 1016 3576 et
1057 3514 1368 3573 Danubius
1414 3515 1698 3573 dicitur.“

777 3623 881 3677 34.
925 3617 1098 3676 Jorn.
1142 3621 1441 3692 cap.'22=
1486 3615 1802 3690 „wandali
1846 3649 1932 3662 —
1977 3651 2057 3664 --
2104 3648 2187 3660 -·
2230 3618 2596 3676 Pannoniam
2643 3636 2678 3676 a
2722 3618 3116 3677 Constantino

610 3704 879 3779 principe
922 3702 1158 3777 petiere
1203 3701 1402 3774 ibique
1445 3719 1554 3775 per
1597 3701 1702 3759 Lx
1747 3720 1934 3760 annos
1980 3702 2116 3778 plus
2164 3704 2360 3760 minus
2405 3702 2645 3762 sedibus
2693 3702 2946 3777 locatis,
3007 3705 3118 3761 im·

609 3790 951 3864 peratorum
996 3784 1257 3842 decretis
1302 3787 1369 3842 ut
1412 3784 1642 3845 incolae
1684 3786 2115 3847 famularunt.“

778 3893 880 4031 ag.
929 3885 1121 3963 Greg.
1179 3886 1326 3944 Tur.
1390 3884 1476 3965 119,
1538 3894 1598 3947 9.
1655 3889 1950 3966 Prosperi
2013 3888 2339 3947 chronicon
2404 3886 2482 3944 ad
2525 3904 2578 3944 a.
2625 3893 2771 3948 406.
2817 3886 3015 3953 Ronc.
3061 3889 3117 3959 Ι,

608 3994 670 4052 p.
719 3980 800 4032 64
850 4014 865 4031 .

781 4078 883 4132 36.
930 4071 1087 4133 Idat.
1132 4069 1473 4132 Chronicon
1536 4073 1753 4150 (Ronc.
1797 4074 1883 4147 11,
1942 4069 2083 4143 15)=
2156 4073 2364 4141 „sorte
2424 4069 2500 4128 ad
2561 4070 2952 4130 habitandum
2997 4075 3114 4133 sihi

612 4157 1058 4236 provinciarum
1080 4156 1377 4216 ‘dividunt
1418 4160 1717 4237 regiones.
1790 4156 2159 4218 Gallaeciam
2202 4152 2451 4212 Vandali
2497 4158 2794 4231 occupant
2841 4161 2901 4215 et
2924 4159 3113 4218 Suevi

609 4247 783 4301 sitam
829 4242 888 4299 in
934 4242 1306 4301 extremitate
1348 4243 1572 4303 Oceani
1619 4244 1803 4303 maris
1855 4239 2124 4301 occidua.
2214 4237 2393 4296 Alani
2438 4237 2822 4313 Lusitaniam,
2867 4246 2927 4300 et
2959 4243 3114 4302 Car·

611 4327 1042 4404 maginiensem
1084 4327 1452 4401 provinciam
1498 4332 1557 4387 et
1581 4325 1832 4388 Vandali
1877 4324 2228 4403 cognomine
2273 4322 2485 4402 Silingi
2518 4323 2824 4384 Baeticam
2844 4329 3113 4389 sortiun-
