<?xml version="1.0" encoding="UTF-8"?>
<!DOCTYPE html PUBLIC "-//W3C//DTD XHTML 1.0 Transitional//EN"
    "http://www.w3.org/TR/xhtml1/DTD/xhtml1-transitional.dtd">
<html xmlns="http://www.w3.org/1999/xhtml" xml:lang="en" lang="en">
 <head>
  <title>
</title>
<meta http-equiv="Content-Type" content="text/html;charset=utf-8" />
  <meta name='ocr-system' content='tesseract 3.04.00' />
  <meta name='ocr-capabilities' content='ocr_page ocr_carea ocr_par ocr_line ocrx_word'/>
</head>
<body>
  <div class='ocr_page' id='page_1' title='image "./detestamentogen00schugoog_0031.png"; bbox 0 0 3530 5132; ppageno 0'>
   <div class='ocr_carea' id='block_1_1' title="bbox 1606 210 1679 274">
    <p class='ocr_par' dir='ltr' id='par_1_1' title="bbox 1606 210 1679 274">
     <span class='ocr_line' id='line_1_1' title="bbox 1606 210 1679 274; baseline 0.027 -2"><span class='ocrx_word' id='word_1_1' title='bbox 1606 210 1679 274; x_wconf 76' lang='lat'><strong>21</strong></span> 
     </span>
    </p>
   </div>
   <div class='ocr_carea' id='block_1_2' title="bbox 1494 300 1799 312">
    <p class='ocr_par' dir='ltr' id='par_1_2' title="bbox 1494 300 1799 312">
     <span class='ocr_line' id='line_1_2' title="bbox 1494 300 1799 312; baseline 0 0"><span class='ocrx_word' id='word_1_2' title='bbox 1494 300 1799 312; x_wconf 95' lang='lat' dir='ltr'><strong> </strong></span> 
     </span>
    </p>
   </div>
   <div class='ocr_carea' id='block_1_3' title="bbox 398 384 2980 4393">
    <p class='ocr_par' dir='ltr' id='par_1_3' title="bbox 398 384 2931 3300">
     <span class='ocr_line' id='line_1_3' title="bbox 403 384 2900 479; baseline -0.002 -21"><span class='ocrx_word' id='word_1_3' title='bbox 403 397 632 458; x_wconf 85' lang='lat' dir='ltr'><strong>tatem.</strong></span> <span class='ocrx_word' id='word_1_4' title='bbox 688 384 830 454; x_wconf 87' lang='lat' dir='ltr'><strong>Sed</strong></span> <span class='ocrx_word' id='word_1_5' title='bbox 882 409 1035 454; x_wconf 89' lang='lat' dir='ltr'><strong>cum</strong></span> <span class='ocrx_word' id='word_1_6' title='bbox 1091 386 1180 453; x_wconf 88' lang='lat' dir='ltr'><strong>ad</strong></span> <span class='ocrx_word' id='word_1_7' title='bbox 1233 385 1699 454; x_wconf 87' lang='lat' dir='ltr'><strong>inveniendam</strong></span> <span class='ocrx_word' id='word_1_8' title='bbox 1752 395 1821 455; x_wconf 91' lang='lat' dir='ltr'><strong>et</strong></span> <span class='ocrx_word' id='word_1_9' title='bbox 1872 386 2428 455; x_wconf 79' lang='lat' dir='ltr'><strong>introducendam</strong></span> <span class='ocrx_word' id='word_1_10' title='bbox 2483 388 2900 479; x_wconf 80' lang='lat' dir='ltr'><strong>primogeni-</strong></span> 
     </span>
     <span class='ocr_line' id='line_1_4' title="bbox 400 504 2904 598; baseline 0.001 -24"><span class='ocrx_word' id='word_1_11' title='bbox 400 517 622 575; x_wconf 80' lang='lat' dir='ltr'><strong>turam</strong></span> <span class='ocrx_word' id='word_1_12' title='bbox 677 504 1006 575; x_wconf 83' lang='lat' dir='ltr'><strong>excultior</strong></span> <span class='ocrx_word' id='word_1_13' title='bbox 1048 505 1224 591; x_wconf 90' lang='lat' dir='ltr'><strong>juris</strong></span> <span class='ocrx_word' id='word_1_14' title='bbox 1293 505 1596 597; x_wconf 77' lang='lat' dir='ltr'>cognitio</span> <span class='ocrx_word' id='word_1_15' title='bbox 1666 506 2168 594; x_wconf 76' lang='lat' dir='ltr'>requireretur,</span> <span class='ocrx_word' id='word_1_16' title='bbox 2245 528 2394 573; x_wconf 90' lang='lat' dir='ltr'><strong>sero</strong></span> <span class='ocrx_word' id='word_1_17' title='bbox 2471 517 2676 596; x_wconf 85' lang='lat' dir='ltr'><strong>atque</strong></span> <span class='ocrx_word' id='word_1_18' title='bbox 2749 519 2904 598; x_wconf 87' lang='lat' dir='ltr'><strong>post</strong></span> 
     </span>
     <span class='ocr_line' id='line_1_5' title="bbox 404 623 2901 714; baseline 0 -22"><span class='ocrx_word' id='word_1_19' title='bbox 404 625 622 692; x_wconf 82' lang='lat' dir='ltr'><strong>varios</strong></span> <span class='ocrx_word' id='word_1_20' title='bbox 676 648 862 692; x_wconf 90' lang='lat' dir='ltr'><strong>casus</strong></span> <span class='ocrx_word' id='word_1_21' title='bbox 914 623 1206 713; x_wconf 87' lang='lat' dir='ltr'><strong>deniqne</strong></span> <span class='ocrx_word' id='word_1_22' title='bbox 1257 624 1344 691; x_wconf 93' lang='lat' dir='ltr'><strong>ad</strong></span> <span class='ocrx_word' id='word_1_23' title='bbox 1401 623 1578 690; x_wconf 90' lang='lat' dir='ltr'><strong>hanc</strong></span> <span class='ocrx_word' id='word_1_24' title='bbox 1630 636 2153 714; x_wconf 79' lang='lat' dir='ltr'><strong>consequentem</strong></span> <span class='ocrx_word' id='word_1_25' title='bbox 2222 625 2621 692; x_wconf 83' lang='lat' dir='ltr'><strong>succedendi</strong></span> <span class='ocrx_word' id='word_1_26' title='bbox 2692 626 2901 694; x_wconf 88' lang='lat' dir='ltr'><strong>ratio-</strong></span> 
     </span>
     <span class='ocr_line' id='line_1_6' title="bbox 406 742 2905 836; baseline 0 -26"><span class='ocrx_word' id='word_1_27' title='bbox 406 766 559 811; x_wconf 89' lang='lat' dir='ltr'><strong>nem</strong></span> <span class='ocrx_word' id='word_1_28' title='bbox 613 743 908 810; x_wconf 84' lang='lat' dir='ltr'><strong>familiae</strong></span> <span class='ocrx_word' id='word_1_29' title='bbox 960 743 1245 812; x_wconf 78' lang='lat' dir='ltr'><strong>illustres</strong></span> <span class='ocrx_word' id='word_1_30' title='bbox 1315 753 1795 832; x_wconf 82' lang='lat' dir='ltr'><strong>pervenerunt.</strong></span> <span class='ocrx_word' id='word_1_31' title='bbox 1850 742 2225 813; x_wconf 78' lang='lat' dir='ltr'><strong>Summum</strong></span> <span class='ocrx_word' id='word_1_32' title='bbox 2279 743 2465 811; x_wconf 88' lang='lat' dir='ltr'><strong>enim</strong></span> <span class='ocrx_word' id='word_1_33' title='bbox 2507 744 2905 836; x_wconf 79' lang='lat' dir='ltr'><strong>primoge-</strong></span> 
     </span>
     <span class='ocr_line' id='line_1_7' title="bbox 405 846 2903 956; baseline 0 -27"><span class='ocrx_word' id='word_1_34' title='bbox 405 862 701 931; x_wconf 78' lang='lat' dir='ltr'><strong>niturae</strong></span> <span class='ocrx_word' id='word_1_35' title='bbox 740 860 1192 955; x_wconf 78' lang='lat' dir='ltr'><strong>principiam</strong></span> <span class='ocrx_word' id='word_1_36' title='bbox 1264 848 1672 929; x_wconf 75' lang='lat' dir='ltr'><strong>continetur</strong></span> <span class='ocrx_word' id='word_1_37' title='bbox 1706 859 1892 954; x_wconf 82' lang='lat' dir='ltr'><strong>jare</strong></span> <span class='ocrx_word' id='word_1_38' title='bbox 1962 846 2665 956; x_wconf 53' lang='lat' dir='ltr'><strong>repraesentationis</strong></span> <span class='ocrx_word' id='word_1_39' title='bbox 2734 863 2802 929; x_wconf 89' lang='lat' dir='ltr'><strong>in</strong></span> <span class='ocrx_word' id='word_1_40' title='bbox 2836 887 2903 930; x_wconf 82' lang='grc' dir='ltr'><strong>ι-</strong></span> 
     </span>
     <span class='ocr_line' id='line_1_8' title="bbox 404 979 2902 1073; baseline -0.001 -25"><span class='ocrx_word' id='word_1_41' title='bbox 404 981 597 1067; x_wconf 85' lang='lat' dir='ltr'><strong>nito,</strong></span> <span class='ocrx_word' id='word_1_42' title='bbox 667 981 760 1049; x_wconf 89' lang='lat' dir='ltr'><strong>ita</strong></span> <span class='ocrx_word' id='word_1_43' title='bbox 811 991 889 1049; x_wconf 87' lang='lat' dir='ltr'><strong>ut</strong></span> <span class='ocrx_word' id='word_1_44' title='bbox 939 979 1415 1050; x_wconf 82' lang='lat' dir='ltr'><strong>descendentes</strong></span> <span class='ocrx_word' id='word_1_45' title='bbox 1467 981 1755 1049; x_wconf 78' lang='lat' dir='ltr'><strong>maxime</strong></span> <span class='ocrx_word' id='word_1_46' title='bbox 1806 984 2047 1051; x_wconf 89' lang='lat' dir='ltr'><strong>remoti</strong></span> <span class='ocrx_word' id='word_1_47' title='bbox 2105 1005 2373 1073; x_wconf 82' lang='lat' dir='ltr'><strong>semper</strong></span> <span class='ocrx_word' id='word_1_48' title='bbox 2424 981 2781 1050; x_wconf 87' lang='lat' dir='ltr'><strong>succedant</strong></span> <span class='ocrx_word' id='word_1_49' title='bbox 2836 982 2902 1046; x_wconf 91' lang='lat' dir='ltr'><strong>in</strong></span> 
     </span>
     <span class='ocr_line' id='line_1_9' title="bbox 405 1090 2903 1194; baseline -0.002 -26"><span class='ocrx_word' id='word_1_50' title='bbox 405 1101 633 1168; x_wconf 90' lang='lat' dir='ltr'><strong>locum</strong></span> <span class='ocrx_word' id='word_1_51' title='bbox 684 1099 1007 1192; x_wconf 84' lang='lat' dir='ltr'><strong>genitoris</strong></span> <span class='ocrx_word' id='word_1_52' title='bbox 1060 1090 1469 1167; x_wconf 79' lang='lat' dir='ltr'><strong>defuncti⁷².</strong></span> <span class='ocrx_word' id='word_1_53' title='bbox 1550 1096 1783 1170; x_wconf 83' lang='lat' dir='ltr'><strong>Multo</strong></span> <span class='ocrx_word' id='word_1_54' title='bbox 1837 1103 2049 1194; x_wconf 88' lang='lat' dir='ltr'><strong>magis</strong></span> <span class='ocrx_word' id='word_1_55' title='bbox 2102 1101 2314 1192; x_wconf 88' lang='lat' dir='ltr'><strong>igitur</strong></span> <span class='ocrx_word' id='word_1_56' title='bbox 2364 1101 2432 1167; x_wconf 90' lang='lat' dir='ltr'><strong>iu</strong></span> <span class='ocrx_word' id='word_1_57' title='bbox 2490 1101 2903 1192; x_wconf 80' lang='lat' dir='ltr'><strong>primogeni-</strong></span> 
     </span>
     <span class='ocr_line' id='line_1_10' title="bbox 402 1214 2903 1310; baseline -0.001 -24"><span class='ocrx_word' id='word_1_58' title='bbox 402 1229 556 1287; x_wconf 88' lang='lat' dir='ltr'><strong>tura</strong></span> <span class='ocrx_word' id='word_1_59' title='bbox 627 1219 1010 1293; x_wconf 84' lang='lat' dir='ltr'><strong>extenditur</strong></span> <span class='ocrx_word' id='word_1_60' title='bbox 1085 1214 1205 1308; x_wconf 71' lang='lat' dir='ltr'><strong>jas</strong></span> <span class='ocrx_word' id='word_1_61' title='bbox 1273 1220 2026 1310; x_wconf 80' lang='lat' dir='ltr'><strong>repraesentationis,</strong></span> <span class='ocrx_word' id='word_1_62' title='bbox 2099 1241 2302 1307; x_wconf 89' lang='lat' dir='ltr'><strong>quam</strong></span> <span class='ocrx_word' id='word_1_63' title='bbox 2372 1219 2437 1284; x_wconf 89' lang='lat' dir='ltr'><strong>in</strong></span> <span class='ocrx_word' id='word_1_64' title='bbox 2480 1218 2640 1308; x_wconf 84' lang='lat' dir='ltr'><strong>jure</strong></span> <span class='ocrx_word' id='word_1_65' title='bbox 2705 1218 2903 1285; x_wconf 82' lang='lat' dir='ltr'><strong>civili.</strong></span> 
     </span>
     <span class='ocr_line' id='line_1_11' title="bbox 406 1336 2903 1430; baseline -0.001 -25"><span class='ocrx_word' id='word_1_66' title='bbox 406 1337 550 1405; x_wconf 89' lang='lat' dir='ltr'><strong>Sed</strong></span> <span class='ocrx_word' id='word_1_67' title='bbox 601 1338 689 1404; x_wconf 90' lang='lat' dir='ltr'><strong>ab</strong></span> <span class='ocrx_word' id='word_1_68' title='bbox 742 1338 1173 1427; x_wconf 86' lang='lat' dir='ltr'><strong>antiquorum</strong></span> <span class='ocrx_word' id='word_1_69' title='bbox 1227 1337 1726 1429; x_wconf 82' lang='lat' dir='ltr'><strong>Germanorum</strong></span> <span class='ocrx_word' id='word_1_70' title='bbox 1780 1337 2127 1430; x_wconf 87' lang='lat' dir='ltr'><strong>cogitandi</strong></span> <span class='ocrx_word' id='word_1_71' title='bbox 2179 1337 2440 1404; x_wconf 80' lang='lat' dir='ltr'><strong>ratione</strong></span> <span class='ocrx_word' id='word_1_72' title='bbox 2493 1336 2903 1426; x_wconf 88' lang='lat' dir='ltr'><strong>principium</strong></span> 
     </span>
     <span class='ocr_line' id='line_1_12' title="bbox 404 1454 2905 1547; baseline -0 -25"><span class='ocrx_word' id='word_1_73' title='bbox 404 1456 1035 1547; x_wconf 81' lang='lat' dir='ltr'><strong>repraesentationis</strong></span> <span class='ocrx_word' id='word_1_74' title='bbox 1088 1466 1226 1522; x_wconf 83' lang='lat' dir='ltr'><strong>tam</strong></span> <span class='ocrx_word' id='word_1_75' title='bbox 1279 1454 1673 1542; x_wconf 85' lang='lat' dir='ltr'><strong>abhorruit,</strong></span> <span class='ocrx_word' id='word_1_76' title='bbox 1743 1466 1821 1525; x_wconf 88' lang='lat' dir='ltr'><strong>ut</strong></span> <span class='ocrx_word' id='word_1_77' title='bbox 1856 1458 1960 1524; x_wconf 79' lang='lat' dir='ltr'><strong>&#39;ab</strong></span> <span class='ocrx_word' id='word_1_78' title='bbox 2015 1456 2204 1522; x_wconf 91' lang='lat' dir='ltr'><strong>initio</strong></span> <span class='ocrx_word' id='word_1_79' title='bbox 2258 1479 2341 1522; x_wconf 87' lang='lat' dir='ltr'><strong>ne</strong></span> <span class='ocrx_word' id='word_1_80' title='bbox 2412 1465 2694 1546; x_wconf 87' lang='lat' dir='ltr'><strong>nepotes</strong></span> <span class='ocrx_word' id='word_1_81' title='bbox 2747 1455 2905 1543; x_wconf 85' lang='lat' dir='ltr'><strong>qui-</strong></span> 
     </span>
     <span class='ocr_line' id='line_1_13' title="bbox 403 1572 2901 1667; baseline -0 -25"><span class='ocrx_word' id='word_1_82' title='bbox 403 1575 561 1643; x_wconf 89' lang='lat' dir='ltr'><strong>dem</strong></span> <span class='ocrx_word' id='word_1_83' title='bbox 615 1597 699 1642; x_wconf 85' lang='lat' dir='ltr'><strong>ex</strong></span> <span class='ocrx_word' id='word_1_84' title='bbox 750 1576 896 1644; x_wconf 89' lang='lat' dir='ltr'><strong>filio</strong></span> <span class='ocrx_word' id='word_1_85' title='bbox 949 1575 1270 1645; x_wconf 83' lang='lat' dir='ltr'><strong>defuncto</strong></span> <span class='ocrx_word' id='word_1_86' title='bbox 1323 1575 1837 1644; x_wconf 86' lang='lat' dir='ltr'><strong>admitterentur</strong></span> <span class='ocrx_word' id='word_1_87' title='bbox 1907 1598 2059 1644; x_wconf 89' lang='lat' dir='ltr'><strong>cum</strong></span> <span class='ocrx_word' id='word_1_88' title='bbox 2115 1586 2367 1667; x_wconf 71' lang='lat' dir='ltr'><strong>patruo</strong></span> <span class='ocrx_word' id='word_1_89' title='bbox 2420 1575 2487 1641; x_wconf 93' lang='lat' dir='ltr'><strong>in</strong></span> <span class='ocrx_word' id='word_1_90' title='bbox 2540 1575 2644 1641; x_wconf 87' lang='lat' dir='ltr'><strong>avi</strong></span> <span class='ocrx_word' id='word_1_91' title='bbox 2697 1572 2901 1641; x_wconf 89' lang='lat' dir='ltr'><strong>here-</strong></span> 
     </span>
     <span class='ocr_line' id='line_1_14' title="bbox 403 1684 2900 1785; baseline 0 -25"><span class='ocrx_word' id='word_1_92' title='bbox 403 1693 685 1761; x_wconf 87' lang='lat' dir='ltr'><strong>ditatem</strong></span> <span class='ocrx_word' id='word_1_93' title='bbox 709 1684 796 1764; x_wconf 83' lang='lat'><strong>⁷³.</strong></span> <span class='ocrx_word' id='word_1_94' title='bbox 904 1694 1280 1761; x_wconf 85' lang='lat' dir='ltr'><strong>Deficiente</strong></span> <span class='ocrx_word' id='word_1_95' title='bbox 1344 1693 1557 1785; x_wconf 86' lang='lat' dir='ltr'><strong>igitur</strong></span> <span class='ocrx_word' id='word_1_96' title='bbox 1625 1693 1761 1761; x_wconf 90' lang='lat' dir='ltr'><strong>hoc</strong></span> <span class='ocrx_word' id='word_1_97' title='bbox 1834 1694 2461 1785; x_wconf 85' lang='lat' dir='ltr'><strong>repraesentationis</strong></span> <span class='ocrx_word' id='word_1_98' title='bbox 2542 1692 2900 1783; x_wconf 87' lang='lat' dir='ltr'><strong>principio,</strong></span> 
     </span>
     <span class='ocr_line' id='line_1_15' title="bbox 402 1794 2903 1904; baseline -0 -26"><span class='ocrx_word' id='word_1_99' title='bbox 402 1813 592 1880; x_wconf 88' lang='lat' dir='ltr'><strong>nullo</strong></span> <span class='ocrx_word' id='word_1_100' title='bbox 646 1811 854 1881; x_wconf 90' lang='lat' dir='ltr'><strong>modo</strong></span> <span class='ocrx_word' id='word_1_101' title='bbox 907 1794 1061 1880; x_wconf 69' lang='lat' dir='ltr'><strong>fieri&#39;</strong></span> <span class='ocrx_word' id='word_1_102' title='bbox 1123 1812 1388 1902; x_wconf 89' lang='lat' dir='ltr'><strong>potuit,</strong></span> <span class='ocrx_word' id='word_1_103' title='bbox 1461 1823 1537 1882; x_wconf 92' lang='lat' dir='ltr'><strong>ut</strong></span> <span class='ocrx_word' id='word_1_104' title='bbox 1604 1814 1734 1882; x_wconf 85' lang='lat' dir='ltr'><strong>illis</strong></span> <span class='ocrx_word' id='word_1_105' title='bbox 1785 1812 2133 1883; x_wconf 84' lang='lat' dir='ltr'><strong>Genserici</strong></span> <span class='ocrx_word' id='word_1_106' title='bbox 2184 1812 2609 1904; x_wconf 87' lang='lat' dir='ltr'><strong>temporibus</strong></span> <span class='ocrx_word' id='word_1_107' title='bbox 2664 1811 2903 1900; x_wconf 89' lang='lat' dir='ltr'><strong>aliquis</strong></span> 
     </span>
     <span class='ocr_line' id='line_1_16' title="bbox 404 1931 2902 2023; baseline -0.001 -25"><span class='ocrx_word' id='word_1_108' title='bbox 404 1953 524 1998; x_wconf 80' lang='lat' dir='ltr'><strong>rex</strong></span> <span class='ocrx_word' id='word_1_109' title='bbox 578 1931 1079 2000; x_wconf 90' lang='lat' dir='ltr'><strong>Germanorum</strong></span> <span class='ocrx_word' id='word_1_110' title='bbox 1129 1931 1592 2000; x_wconf 89' lang='lat' dir='ltr'><strong>introduceret</strong></span> <span class='ocrx_word' id='word_1_111' title='bbox 1661 1931 2277 2023; x_wconf 86' lang='lat' dir='ltr'><strong>primogenituram</strong></span> <span class='ocrx_word' id='word_1_112' title='bbox 2350 1931 2701 2013; x_wconf 89' lang='lat' dir='ltr'><strong>linealem,</strong></span> <span class='ocrx_word' id='word_1_113' title='bbox 2780 1952 2902 1997; x_wconf 90' lang='lat' dir='ltr'><strong>cu-</strong></span> 
     </span>
     <span class='ocr_line' id='line_1_17' title="bbox 405 2046 2904 2140; baseline -0.002 -24"><span class='ocrx_word' id='word_1_114' title='bbox 405 2048 524 2139; x_wconf 85' lang='lat' dir='ltr'><strong>jus</strong></span> <span class='ocrx_word' id='word_1_115' title='bbox 616 2048 1025 2118; x_wconf 86' lang='lat' dir='ltr'><strong>introductio</strong></span> <span class='ocrx_word' id='word_1_116' title='bbox 1087 2046 1233 2137; x_wconf 85' lang='lat' dir='ltr'><strong>jam</strong></span> <span class='ocrx_word' id='word_1_117' title='bbox 1320 2048 1739 2115; x_wconf 83' lang='lat' dir='ltr'><strong>subtiliorem</strong></span> <span class='ocrx_word' id='word_1_118' title='bbox 1812 2049 2152 2140; x_wconf 83' lang='lat' dir='ltr'><strong>cogitandi</strong></span> <span class='ocrx_word' id='word_1_119' title='bbox 2237 2049 2566 2115; x_wconf 89' lang='lat' dir='ltr'><strong>rationem</strong></span> <span class='ocrx_word' id='word_1_120' title='bbox 2636 2046 2904 2137; x_wconf 89' lang='lat' dir='ltr'><strong>efflagi-</strong></span> 
     </span>
     <span class='ocr_line' id='line_1_18' title="bbox 404 2164 2901 2258; baseline -0.001 -25"><span class='ocrx_word' id='word_1_121' title='bbox 404 2177 601 2235; x_wconf 87' lang='lat' dir='ltr'><strong>taret.</strong></span> <span class='ocrx_word' id='word_1_122' title='bbox 701 2166 1012 2258; x_wconf 83' lang='lat' dir='ltr'><strong>Simplex</strong></span> <span class='ocrx_word' id='word_1_123' title='bbox 1081 2176 1304 2234; x_wconf 90' lang='lat' dir='ltr'><strong>autem</strong></span> <span class='ocrx_word' id='word_1_124' title='bbox 1360 2189 1437 2231; x_wconf 89' lang='lat' dir='ltr'><strong>ac</strong></span> <span class='ocrx_word' id='word_1_125' title='bbox 1487 2164 1669 2233; x_wconf 89' lang='lat' dir='ltr'><strong>rudis</strong></span> <span class='ocrx_word' id='word_1_126' title='bbox 1742 2167 2143 2234; x_wconf 89' lang='lat' dir='ltr'><strong>succedendi</strong></span> <span class='ocrx_word' id='word_1_127' title='bbox 2198 2167 2488 2240; x_wconf 58' lang='lat' dir='ltr'><strong>forma,</strong></span> <span class='ocrx_word' id='word_1_128' title='bbox 2538 2186 2742 2251; x_wconf 87' lang='lat' dir='ltr'><strong>quam</strong></span> <span class='ocrx_word' id='word_1_129' title='bbox 2794 2187 2901 2231; x_wconf 92' lang='lat' dir='ltr'><strong>se·-</strong></span> 
     </span>
     <span class='ocr_line' id='line_1_19' title="bbox 404 2281 2899 2371; baseline -0.001 -19"><span class='ocrx_word' id='word_1_130' title='bbox 404 2286 742 2354; x_wconf 87' lang='lat' dir='ltr'><strong>nioratum</strong></span> <span class='ocrx_word' id='word_1_131' title='bbox 793 2308 1149 2367; x_wconf 78' lang='lat' dir='ltr'><strong>vocamuS,</strong></span> <span class='ocrx_word' id='word_1_132' title='bbox 1221 2284 1536 2359; x_wconf 86' lang='lat' dir='ltr'><strong>facillime</strong></span> <span class='ocrx_word' id='word_1_133' title='bbox 1594 2307 1665 2351; x_wconf 87' lang='lat' dir='ltr'><strong>se</strong></span> <span class='ocrx_word' id='word_1_134' title='bbox 1719 2284 1962 2367; x_wconf 86' lang='lat' dir='ltr'><strong>offert,</strong></span> <span class='ocrx_word' id='word_1_135' title='bbox 2036 2308 2158 2352; x_wconf 93' lang='lat' dir='ltr'><strong>nec</strong></span> <span class='ocrx_word' id='word_1_136' title='bbox 2212 2286 2350 2352; x_wconf 89' lang='lat' dir='ltr'><strong>ulla</strong></span> <span class='ocrx_word' id='word_1_137' title='bbox 2401 2283 2755 2352; x_wconf 83' lang='lat' dir='ltr'><strong>subtiliora</strong></span> <span class='ocrx_word' id='word_1_138' title='bbox 2781 2281 2899 2371; x_wconf 84' lang='lat' dir='ltr'><strong>ju-</strong></span> 
     </span>
     <span class='ocr_line' id='line_1_20' title="bbox 402 2401 2902 2496; baseline -0.002 -25"><span class='ocrx_word' id='word_1_139' title='bbox 402 2406 492 2473; x_wconf 89' lang='lat' dir='ltr'><strong>ris</strong></span> <span class='ocrx_word' id='word_1_140' title='bbox 549 2405 882 2496; x_wconf 89' lang='lat' dir='ltr'><strong>principia</strong></span> <span class='ocrx_word' id='word_1_141' title='bbox 933 2405 1001 2469; x_wconf 92' lang='lat' dir='ltr'><strong>in</strong></span> <span class='ocrx_word' id='word_1_142' title='bbox 1061 2427 1131 2470; x_wconf 89' lang='lat' dir='ltr'><strong>se</strong></span> <span class='ocrx_word' id='word_1_143' title='bbox 1183 2403 1513 2487; x_wconf 88' lang='lat' dir='ltr'><strong>continet,</strong></span> <span class='ocrx_word' id='word_1_144' title='bbox 1570 2427 1722 2471; x_wconf 87' lang='lat' dir='ltr'><strong>cnm</strong></span> <span class='ocrx_word' id='word_1_145' title='bbox 1777 2427 1999 2492; x_wconf 84' lang='lat' dir='ltr'><strong>neque</strong></span> <span class='ocrx_word' id='word_1_146' title='bbox 2049 2403 2337 2495; x_wconf 87' lang='lat' dir='ltr'><strong>gradus,</strong></span> <span class='ocrx_word' id='word_1_147' title='bbox 2410 2423 2634 2490; x_wconf 87' lang='lat' dir='ltr'><strong>neque</strong></span> <span class='ocrx_word' id='word_1_148' title='bbox 2685 2401 2902 2468; x_wconf 89' lang='lat' dir='ltr'><strong>lineae</strong></span> 
     </span>
     <span class='ocr_line' id='line_1_21' title="bbox 399 2521 2901 2614; baseline -0.001 -23"><span class='ocrx_word' id='word_1_149' title='bbox 399 2525 470 2591; x_wconf 91' lang='lat' dir='ltr'><strong>in</strong></span> <span class='ocrx_word' id='word_1_150' title='bbox 521 2525 855 2594; x_wconf 86' lang='lat' dir='ltr'><strong>senioratu</strong></span> <span class='ocrx_word' id='word_1_151' title='bbox 908 2522 1081 2590; x_wconf 88' lang='lat' dir='ltr'><strong>ratio</strong></span> <span class='ocrx_word' id='word_1_152' title='bbox 1137 2522 1491 2590; x_wconf 85' lang='lat' dir='ltr'><strong>habeatur.</strong></span> <span class='ocrx_word' id='word_1_153' title='bbox 1586 2523 1811 2607; x_wconf 82' lang='lat' dir='ltr'><strong>Quam</strong></span> <span class='ocrx_word' id='word_1_154' title='bbox 1866 2524 1957 2590; x_wconf 94' lang='lat' dir='ltr'><strong>ob</strong></span> <span class='ocrx_word' id='word_1_155' title='bbox 2011 2546 2154 2591; x_wconf 86' lang='lat' dir='ltr'><strong>rem</strong></span> <span class='ocrx_word' id='word_1_156' title='bbox 2225 2521 2414 2614; x_wconf 89' lang='lat' dir='ltr'><strong>apud</strong></span> <span class='ocrx_word' id='word_1_157' title='bbox 2464 2522 2712 2591; x_wconf 89' lang='lat' dir='ltr'><strong>multos</strong></span> <span class='ocrx_word' id='word_1_158' title='bbox 2766 2544 2901 2612; x_wconf 90' lang='lat' dir='ltr'><strong>po-</strong></span> 
     </span>
     <span class='ocr_line' id='line_1_22' title="bbox 398 2632 2902 2735; baseline -0.002 -23"><span class='ocrx_word' id='word_1_159' title='bbox 398 2647 603 2735; x_wconf 84' lang='lat' dir='ltr'><strong>pulos</strong></span> <span class='ocrx_word' id='word_1_160' title='bbox 653 2644 870 2709; x_wconf 89' lang='lat' dir='ltr'><strong>minus</strong></span> <span class='ocrx_word' id='word_1_161' title='bbox 914 2644 1216 2712; x_wconf 78' lang='lat' dir='ltr'><strong>excultos</strong></span> <span class='ocrx_word' id='word_1_162' title='bbox 1238 2632 1303 2679; x_wconf 78' lang='lat'><strong>⁷⁴</strong></span> <span class='ocrx_word' id='word_1_163' title='bbox 1355 2642 1526 2707; x_wconf 82' lang='lat' dir='ltr'><strong>haec</strong></span> <span class='ocrx_word' id='word_1_164' title='bbox 1560 2643 1961 2710; x_wconf 84' lang='lat' dir='ltr'><strong>succedendi</strong></span> <span class='ocrx_word' id='word_1_165' title='bbox 2014 2643 2353 2709; x_wconf 84' lang='lat' dir='ltr'><strong>forma—</strong></span> <span class='ocrx_word' id='word_1_166' title='bbox 2406 2642 2630 2709; x_wconf 88' lang='lat' dir='ltr'><strong>multis</strong></span> <span class='ocrx_word' id='word_1_167' title='bbox 2683 2639 2902 2708; x_wconf 87' lang='lat' dir='ltr'><strong>modis</strong></span> 
     </span>
     <span class='ocr_line' id='line_1_23' title="bbox 401 2759 2900 2852; baseline -0.001 -25"><span class='ocrx_word' id='word_1_168' title='bbox 401 2760 800 2852; x_wconf 84' lang='lat' dir='ltr'><strong>imperfecta</strong></span> <span class='ocrx_word' id='word_1_169' title='bbox 867 2781 992 2826; x_wconf 89' lang='lat' dir='ltr'><strong>nec</strong></span> <span class='ocrx_word' id='word_1_170' title='bbox 1065 2759 1262 2836; x_wconf 82' lang='lat' dir='ltr'><strong>saluti</strong></span> <span class='ocrx_word' id='word_1_171' title='bbox 1333 2762 1652 2850; x_wconf 86' lang='lat' dir='ltr'><strong>publicae</strong></span> <span class='ocrx_word' id='word_1_172' title='bbox 1719 2760 1896 2827; x_wconf 49' lang='lat' dir='ltr'><strong>satis*</strong></span> <span class='ocrx_word' id='word_1_173' title='bbox 1943 2762 2338 2829; x_wconf 89' lang='lat' dir='ltr'><strong>conveniens</strong></span> <span class='ocrx_word' id='word_1_174' title='bbox 2369 2800 2464 2811; x_wconf 89' lang='lat'>—</span> <span class='ocrx_word' id='word_1_175' title='bbox 2515 2770 2739 2827; x_wconf 89' lang='lat' dir='ltr'><strong>tamen</strong></span> <span class='ocrx_word' id='word_1_176' title='bbox 2792 2760 2900 2824; x_wconf 84' lang='lat' dir='ltr'><strong>fa-</strong></span> 
     </span>
     <span class='ocr_line' id='line_1_24' title="bbox 403 2878 2931 2971; baseline -0.002 -23"><span class='ocrx_word' id='word_1_177' title='bbox 403 2881 648 2948; x_wconf 89' lang='lat' dir='ltr'><strong>cillima</strong></span> <span class='ocrx_word' id='word_1_178' title='bbox 718 2879 1067 2958; x_wconf 87' lang='lat' dir='ltr'><strong>intellectu</strong></span> <span class='ocrx_word' id='word_1_179' title='bbox 1134 2880 1488 2947; x_wconf 82' lang='lat' dir='ltr'><strong>invenitur.</strong></span> <span class='ocrx_word' id='word_1_180' title='bbox 1624 2880 1727 2946; x_wconf 85' lang='lat' dir='ltr'><strong>Ita</strong></span> <span class='ocrx_word' id='word_1_181' title='bbox 1807 2882 2006 2946; x_wconf 84' lang='lat' dir='ltr'><strong>etiam</strong></span> <span class='ocrx_word' id='word_1_182' title='bbox 2088 2881 2277 2971; x_wconf 87' lang='lat' dir='ltr'><strong>apud</strong></span> <span class='ocrx_word' id='word_1_183' title='bbox 2348 2878 2706 2965; x_wconf 78' lang='lat' dir='ltr'><strong>Mauros,</strong></span> <span class='ocrx_word' id='word_1_184' title='bbox 2783 2879 2931 2967; x_wconf 78' lang='lat' dir='ltr'><strong>qui¹</strong></span> 
     </span>
     <span class='ocr_line' id='line_1_25' title="bbox 399 2996 2901 3087; baseline -0.001 -22"><span class='ocrx_word' id='word_1_185' title='bbox 399 2999 472 3064; x_wconf 91' lang='lat' dir='ltr'><strong>in</strong></span> <span class='ocrx_word' id='word_1_186' title='bbox 522 2999 756 3065; x_wconf 84' lang='lat' dir='ltr'><strong>Africa</strong></span> <span class='ocrx_word' id='word_1_187' title='bbox 809 2996 1190 3087; x_wconf 83' lang='lat' dir='ltr'><strong>degebant,</strong></span> <span class='ocrx_word' id='word_1_188' title='bbox 1262 2996 1501 3062; x_wconf 87' lang='lat' dir='ltr'><strong>eadem</strong></span> <span class='ocrx_word' id='word_1_189' title='bbox 1569 2996 1743 3061; x_wconf 88' lang='lat' dir='ltr'><strong>ratio</strong></span> <span class='ocrx_word' id='word_1_190' title='bbox 1814 2996 2254 3082; x_wconf 88' lang='lat' dir='ltr'><strong>succedendi,</strong></span> <span class='ocrx_word' id='word_1_191' title='bbox 2334 3020 2417 3063; x_wconf 81' lang='lat' dir='ltr'><strong>ex</strong></span> <span class='ocrx_word' id='word_1_192' title='bbox 2485 3020 2623 3086; x_wconf 87' lang='lat' dir='ltr'><strong>qua</strong></span> <span class='ocrx_word' id='word_1_193' title='bbox 2689 2997 2901 3066; x_wconf 85' lang='lat' dir='ltr'><strong>frater</strong></span> 
     </span>
     <span class='ocr_line' id='line_1_26' title="bbox 399 3112 2902 3206; baseline 0 -24"><span class='ocrx_word' id='word_1_194' title='bbox 399 3115 546 3184; x_wconf 85' lang='lat' dir='ltr'><strong>filio</strong></span> <span class='ocrx_word' id='word_1_195' title='bbox 621 3115 803 3206; x_wconf 89' lang='lat' dir='ltr'><strong>regis</strong></span> <span class='ocrx_word' id='word_1_196' title='bbox 872 3112 1171 3180; x_wconf 88' lang='lat' dir='ltr'><strong>defuncti</strong></span> <span class='ocrx_word' id='word_1_197' title='bbox 1223 3113 1649 3203; x_wconf 85' lang='lat' dir='ltr'><strong>praefertur,</strong></span> <span class='ocrx_word' id='word_1_198' title='bbox 1721 3112 2210 3181; x_wconf 87' lang='lat' dir='ltr'><strong>observabatur</strong></span> <span class='ocrx_word' id='word_1_199' title='bbox 2232 3163 2251 3198; x_wconf 90' lang='lat'><strong>,</strong></span> <span class='ocrx_word' id='word_1_200' title='bbox 2320 3113 2519 3179; x_wconf 84' lang='lat' dir='ltr'><strong>Livio</strong></span> <span class='ocrx_word' id='word_1_201' title='bbox 2588 3123 2759 3182; x_wconf 88' lang='lat' dir='ltr'><strong>teste</strong></span> <span class='ocrx_word' id='word_1_202' title='bbox 2808 3114 2902 3182; x_wconf 81' lang='lat' dir='ltr'><strong>L.</strong></span> 
     </span>
     <span class='ocr_line' id='line_1_27' title="bbox 400 3230 944 3300; baseline -0.002 0"><span class='ocrx_word' id='word_1_203' title='bbox 400 3232 654 3300; x_wconf 85' lang='lat' dir='ltr'>XXIX.</span> <span class='ocrx_word' id='word_1_204' title='bbox 707 3256 765 3299; x_wconf 89' lang='lat' dir='ltr'><strong>c.</strong></span> <span class='ocrx_word' id='word_1_205' title='bbox 803 3230 944 3300; x_wconf 80' lang='lat'><strong>29:</strong></span> 
     </span>
    </p>

    <p class='ocr_par' dir='ltr' id='par_1_4' title="bbox 398 3348 2902 3777">
     <span class='ocr_line' id='line_1_28' title="bbox 605 3348 2898 3444; baseline 0 -27"><span class='ocrx_word' id='word_1_206' title='bbox 605 3351 994 3438; x_wconf 82' lang='lat' dir='ltr'><strong>„Militante</strong></span> <span class='ocrx_word' id='word_1_207' title='bbox 1062 3373 1145 3419; x_wconf 92' lang='lat' dir='ltr'><strong>eo</strong></span> <span class='ocrx_word' id='word_1_208' title='bbox 1217 3350 1640 3441; x_wconf 79' lang='lat' dir='ltr'><strong>(Masinissa)</strong></span> <span class='ocrx_word' id='word_1_209' title='bbox 1712 3372 1845 3441; x_wconf 90' lang='lat' dir='ltr'><strong>pro</strong></span> <span class='ocrx_word' id='word_1_210' title='bbox 1923 3348 2592 3444; x_wconf 85' lang='lat' dir='ltr'><strong>Carthaginiensibus</strong></span> <span class='ocrx_word' id='word_1_211' title='bbox 2644 3349 2711 3415; x_wconf 90' lang='lat' dir='ltr'><strong>in</strong></span> <span class='ocrx_word' id='word_1_212' title='bbox 2763 3349 2898 3417; x_wconf 89' lang='lat' dir='ltr'><strong>Hi-</strong></span> 
     </span>
     <span class='ocr_line' id='line_1_29' title="bbox 400 3468 2901 3563; baseline -0.002 -23"><span class='ocrx_word' id='word_1_213' title='bbox 400 3469 659 3563; x_wconf 87' lang='lat' dir='ltr'><strong>spania,</strong></span> <span class='ocrx_word' id='word_1_214' title='bbox 713 3480 915 3561; x_wconf 89' lang='lat' dir='ltr'><strong>pater</strong></span> <span class='ocrx_word' id='word_1_215' title='bbox 967 3468 1110 3559; x_wconf 86' lang='lat' dir='ltr'><strong>ejus</strong></span> <span class='ocrx_word' id='word_1_216' title='bbox 1162 3471 1492 3538; x_wconf 84' lang='lat' dir='ltr'><strong>moritur:</strong></span> <span class='ocrx_word' id='word_1_217' title='bbox 1570 3470 1878 3559; x_wconf 85' lang='lat' dir='ltr'><strong>(Galbae</strong></span> <span class='ocrx_word' id='word_1_218' title='bbox 1931 3493 2176 3539; x_wconf 91' lang='lat' dir='ltr'><strong>nomen</strong></span> <span class='ocrx_word' id='word_1_219' title='bbox 2229 3470 2408 3561; x_wconf 87' lang='lat' dir='ltr'><strong>erat)</strong></span> <span class='ocrx_word' id='word_1_220' title='bbox 2462 3492 2749 3561; x_wconf 82' lang='lat' dir='ltr'><strong>regnum</strong></span> <span class='ocrx_word' id='word_1_221' title='bbox 2811 3468 2901 3535; x_wconf 89' lang='lat' dir='ltr'><strong>ad</strong></span> 
     </span>
     <span class='ocr_line' id='line_1_30' title="bbox 398 3587 2902 3683; baseline -0.001 -27"><span class='ocrx_word' id='word_1_222' title='bbox 398 3590 680 3658; x_wconf 86' lang='lat' dir='ltr'><strong>fratrem</strong></span> <span class='ocrx_word' id='word_1_223' title='bbox 734 3589 918 3681; x_wconf 86' lang='lat' dir='ltr'><strong>regis</strong></span> <span class='ocrx_word' id='word_1_224' title='bbox 969 3587 1340 3673; x_wconf 83' lang='lat' dir='ltr'><strong>Defalcen,</strong></span> <span class='ocrx_word' id='word_1_225' title='bbox 1413 3610 1569 3656; x_wconf 86' lang='lat' dir='ltr'><strong>mos</strong></span> <span class='ocrx_word' id='word_1_226' title='bbox 1621 3589 1727 3658; x_wconf 86' lang='lat' dir='ltr'><strong>ita</strong></span> <span class='ocrx_word' id='word_1_227' title='bbox 1801 3590 2013 3683; x_wconf 82' lang='lat' dir='ltr'><strong>apud</strong></span> <span class='ocrx_word' id='word_1_228' title='bbox 2084 3588 2449 3658; x_wconf 75' lang='lat' dir='ltr'><strong>Numidas</strong></span> <span class='ocrx_word' id='word_1_229' title='bbox 2518 3596 2663 3674; x_wconf 86' lang='lat' dir='ltr'><strong>est,</strong></span> <span class='ocrx_word' id='word_1_230' title='bbox 2736 3611 2902 3678; x_wconf 86' lang='lat' dir='ltr'><strong>per-</strong></span> 
     </span>
     <span class='ocr_line' id='line_1_31' title="bbox 402 3710 677 3777; baseline 0.004 -1"><span class='ocrx_word' id='word_1_231' title='bbox 402 3710 677 3777; x_wconf 85' lang='lat' dir='ltr'><strong>venit.“</strong></span> 
     </span>
    </p>

    <p class='ocr_par' dir='ltr' id='par_1_5' title="bbox 401 3817 2980 4393">
     <span class='ocr_line' id='line_1_32' title="bbox 608 3817 2980 3916; baseline -0.003 -20"><span class='ocrx_word' id='word_1_232' title='bbox 608 3827 783 3896; x_wconf 89' lang='lat' dir='ltr'><strong>Cum</strong></span> <span class='ocrx_word' id='word_1_233' title='bbox 836 3826 1122 3895; x_wconf 89' lang='lat' dir='ltr'><strong>Vandali</strong></span> <span class='ocrx_word' id='word_1_234' title='bbox 1179 3849 1331 3894; x_wconf 88' lang='lat' dir='ltr'><strong>cum</strong></span> <span class='ocrx_word' id='word_1_235' title='bbox 1384 3826 1646 3894; x_wconf 89' lang='lat' dir='ltr'><strong>Mauris</strong></span> <span class='ocrx_word' id='word_1_236' title='bbox 1700 3827 1924 3895; x_wconf 89' lang='lat' dir='ltr'><strong>multis</strong></span> <span class='ocrx_word' id='word_1_237' title='bbox 1995 3826 2212 3895; x_wconf 89' lang='lat' dir='ltr'><strong>modis</strong></span> <span class='ocrx_word' id='word_1_238' title='bbox 2263 3849 2334 3894; x_wconf 87' lang='lat' dir='ltr'><strong>se</strong></span> <span class='ocrx_word' id='word_1_239' title='bbox 2386 3825 2898 3916; x_wconf 74' lang='lat' dir='ltr'><strong>conjunxissent,</strong></span> <span class='ocrx_word' id='word_1_240' title='bbox 2977 3817 2980 3820; x_wconf 56' lang='grc'><strong>’</strong></span> 
     </span>
     <span class='ocr_line' id='line_1_33' title="bbox 405 3942 2901 4039; baseline -0.003 -23"><span class='ocrx_word' id='word_1_241' title='bbox 405 3947 641 4036; x_wconf 86' lang='lat' dir='ltr'><strong>quaeri</strong></span> <span class='ocrx_word' id='word_1_242' title='bbox 677 3955 923 4039; x_wconf 88' lang='lat' dir='ltr'><strong>potest,</strong></span> <span class='ocrx_word' id='word_1_243' title='bbox 976 3968 1140 4018; x_wconf 88' lang='lat' dir='ltr'><strong>num</strong></span> <span class='ocrx_word' id='word_1_244' title='bbox 1179 3945 1603 4031; x_wconf 72' lang='lat' dir='ltr'><strong>GensericuS,</strong></span> <span class='ocrx_word' id='word_1_245' title='bbox 1657 3946 1726 4012; x_wconf 91' lang='lat' dir='ltr'><strong>in</strong></span> <span class='ocrx_word' id='word_1_246' title='bbox 1765 3946 2002 4012; x_wconf 90' lang='lat' dir='ltr'><strong>ordine</strong></span> <span class='ocrx_word' id='word_1_247' title='bbox 2053 3947 2419 4013; x_wconf 86' lang='lat' dir='ltr'><strong>senioratus</strong></span> <span class='ocrx_word' id='word_1_248' title='bbox 2472 3942 2901 4025; x_wconf 86' lang='lat' dir='ltr'><strong>instituendo,</strong></span> 
     </span>
     <span class='ocr_line' id='line_1_34' title="bbox 404 4058 2901 4155; baseline -0.002 -25"><span class='ocrx_word' id='word_1_249' title='bbox 404 4065 686 4133; x_wconf 84' lang='lat' dir='ltr'><strong>fortasse</strong></span> <span class='ocrx_word' id='word_1_250' title='bbox 753 4065 1161 4135; x_wconf 84' lang='lat' dir='ltr'><strong>Maurorum</strong></span> <span class='ocrx_word' id='word_1_251' title='bbox 1230 4065 1616 4155; x_wconf 86' lang='lat' dir='ltr'><strong>exemplum</strong></span> <span class='ocrx_word' id='word_1_252' title='bbox 1689 4086 1771 4129; x_wconf 74' lang='lat' dir='ltr'><strong>ex</strong></span> <span class='ocrx_word' id='word_1_253' title='bbox 1840 4064 2066 4151; x_wconf 86' lang='lat' dir='ltr'><strong>aliqua</strong></span> <span class='ocrx_word' id='word_1_254' title='bbox 2141 4073 2339 4154; x_wconf 88' lang='lat' dir='ltr'><strong>parte</strong></span> <span class='ocrx_word' id='word_1_255' title='bbox 2406 4062 2699 4128; x_wconf 89' lang='lat' dir='ltr'><strong>imitatus</strong></span> <span class='ocrx_word' id='word_1_256' title='bbox 2766 4058 2901 4127; x_wconf 64' lang='lat' dir='ltr'><strong>sit?</strong></span> 
     </span>
     <span class='ocr_line' id='line_1_35' title="bbox 401 4180 2904 4270; baseline -0.001 -20"><span class='ocrx_word' id='word_1_257' title='bbox 401 4183 837 4250; x_wconf 78' lang='lat' dir='ltr'><strong>verisimilius</strong></span> <span class='ocrx_word' id='word_1_258' title='bbox 890 4196 1113 4253; x_wconf 89' lang='lat' dir='ltr'><strong>tamen</strong></span> <span class='ocrx_word' id='word_1_259' title='bbox 1148 4184 1315 4251; x_wconf 89' lang='lat' dir='ltr'><strong>mihi</strong></span> <span class='ocrx_word' id='word_1_260' title='bbox 1348 4184 1652 4250; x_wconf 86' lang='lat' dir='ltr'><strong>videtur:</strong></span> <span class='ocrx_word' id='word_1_261' title='bbox 1709 4180 2148 4248; x_wconf 88' lang='lat' dir='ltr'><strong>Gensericum</strong></span> <span class='ocrx_word' id='word_1_262' title='bbox 2200 4180 2485 4270; x_wconf 88' lang='lat' dir='ltr'><strong>simplici</strong></span> <span class='ocrx_word' id='word_1_263' title='bbox 2537 4180 2904 4247; x_wconf 84' lang='lat' dir='ltr'><strong>senioratus</strong></span> 
     </span>
     <span class='ocr_line' id='line_1_36' title="bbox 406 4298 2902 4393; baseline -0.002 -23"><span class='ocrx_word' id='word_1_264' title='bbox 406 4311 645 4371; x_wconf 85' lang='lat' dir='ltr'><strong>natura</strong></span> <span class='ocrx_word' id='word_1_265' title='bbox 699 4324 776 4368; x_wconf 89' lang='lat' dir='ltr'><strong>ac</strong></span> <span class='ocrx_word' id='word_1_266' title='bbox 828 4303 1133 4393; x_wconf 87' lang='lat' dir='ltr'><strong>genuinis</strong></span> <span class='ocrx_word' id='word_1_267' title='bbox 1187 4302 1686 4370; x_wconf 88' lang='lat' dir='ltr'><strong>Germanorum</strong></span> <span class='ocrx_word' id='word_1_268' title='bbox 1761 4298 2063 4367; x_wconf 88' lang='lat' dir='ltr'><strong>moribus</strong></span> <span class='ocrx_word' id='word_1_269' title='bbox 2137 4300 2518 4383; x_wconf 86' lang='lat' dir='ltr'><strong>inductum,</strong></span> <span class='ocrx_word' id='word_1_270' title='bbox 2593 4321 2726 4365; x_wconf 90' lang='lat' dir='ltr'><strong>non</strong></span> <span class='ocrx_word' id='word_1_271' title='bbox 2780 4321 2902 4365; x_wconf 84' lang='lat' dir='ltr'><strong>au·-</strong></span> 
     </span>
    </p>
   </div>
  </div>
 </body>
</html>
