3530 5132
1485 773 1814 848 mmlx.

2782 1245 2910 1310 Pag.

412 1350 461 1422 ς.
513 1354 570 1407 1.
662 1347 754 1406 De
798 1348 1031 1405 ratione
1075 1347 1435 1406 succedendi
1479 1348 1538 1404 in
1582 1347 2002 1422 antiquissimis
2050 1348 2484 1406 Germanorum
2518 1350 2736 1425 regnis,
2877 1355 2908 1407 1

411 1502 460 1574 ς.
509 1506 569 1559 2.
662 1499 754 1557 De
799 1499 1204 1558 vandalorum
1250 1498 1387 1556 fatis
1434 1516 1760 1573 eorumque
1817 1500 2008 1574 stirpe
2070 1502 2236 1577 regia
2294 1504 2433 1558 ante
2482 1518 2743 1575 occupa·

719 1618 940 1675 tionem
986 1617 1243 1675 Africae.
1338 1664 1354 1680 .
1531 1660 1545 1674 .
1724 1660 1737 1675 .
1918 1660 1933 1676 .
2110 1660 2126 1676 .
2299 1658 2316 1675 .
2492 1660 2508 1676 .
2683 1659 2698 1673 .
2876 1624 2915 1675 7

411 1773 461 1844 §.
505 1776 565 1829 8.
657 1768 750 1828 De
794 1768 1140 1828 fundatione
1185 1771 1350 1847 regni
1400 1769 1707 1836 Vandalici
1753 1770 1812 1826 in
1861 1770 2079 1828 Africa.
2186 1813 2201 1829 .
2378 1817 2394 1833 .
2571 1812 2586 1826 .
2766 1811 2779 1826 .
2838 1776 2913 1829 10

408 1923 463 2001 §.
510 1929 570 1982 4.
662 1920 751 1980 De
796 1921 1028 2000 legibus
1079 1922 1499 1979 vandalorum.
1702 1967 1714 1982 .
1893 1964 1906 1979 .
2085 1964 2099 1978 .
2277 1964 2291 1978 .
2470 1964 2482 1978 .
2669 1964 2681 1978 .
2826 1928 2897 1980 11

415 2074 472 2150 §.
523 2080 580 2133 5.
673 2072 766 2131 De
810 2073 946 2150 lege
990 2073 1387 2130 successionis
1430 2091 1464 2129 a
1510 2072 1837 2129 Genserico
1885 2072 2282 2149 promulgata.
2374 2114 2388 2128 .
2570 2115 2582 2129 .
2762 2114 2775 2128 .
2833 2078 2909 2130 14

410 2228 461 2299 ξ.
508 2230 568 2281 6.
659 2223 751 2281 De
788 2222 928 2299 jure
968 2223 1323 2281 succedendi
1370 2243 1440 2281 ex
1498 2223 1920 2280 constitutione
1981 2224 2311 2282 Genserici.
2488 2265 2504 2280 .
2682 2264 2698 2279 .
2837 2229 2912 2280 15

415 2378 472 2452 §.
518 2383 575 2436 7.
671 2375 763 2433 De
809 2375 1017 2434 ordine
1063 2375 1420 2435 succedendi
1467 2395 1537 2433 ex
1583 2376 2009 2433 constitutione
2055 2376 2390 2440 Genscrici.
2567 2418 2580 2432 .
2761 2416 2775 2430 .
2832 2381 2907 2433 16

417 2529 472 2606 §.
521 2534 582 2589 8.
670 2528 764 2588 De
808 2530 1076 2602 caussi8‚
1147 2529 1359 2605 quibus
1404 2531 1731 2589 commotus
1778 2528 2134 2589 Gensericus
2179 2529 2337 2589 hunc
2383 2517 2740 2588 succedendi

718 2647 988 2705 ordinem
1031 2647 1445 2707 introduxerit.
1657 2690 1673 2705 .
1854 2691 1868 2705 .
2048 2691 2062 2706 .
2239 2689 2258 2705 .
2434 2690 2448 2705 .
2628 2689 2644 2705 .
2832 2654 2905 2706 19

411 2801 459 2872 6.
508 2807 567 2860 9.
657 2798 751 2858 De
794 2800 1273 2877 postgenitorum
1317 2803 1478 2860 statu
1526 2800 1853 2858 secundum
1899 2800 2208 2859 Genserici
2257 2802 2757 2859 constitutionem.
2826 2805 2910 2858 22

413 2953 461 3026 §.
500 2957 599 3012 10.
657 2950 728 3011 In
774 2954 1063 3025 quantum
1110 2950 1415 3011 Genserici
1460 2952 1804 3010 constitutio
1855 2953 1910 3008 in
1957 2952 2330 3028 singulorum
2367 2970 2572 3030 regum
2610 2971 2744 3009 suc-

717 3069 1080 3125 cessionibus
1127 3069 1439 3125 observata
1485 3068 1682 3125 fuerit.
1904 3108 1920 3124 .
2098 3110 2113 3124 .
2294 3109 2310 3126 .
2487 3110 2501 3124 .
2683 3108 2698 3124 .
2832 3074 2912 3127 ²3

414 3223 462 3294 ξ.
498 3225 597 3278 11.
664 3217 1089 3277 Controversia
1133 3220 1288 3278 inter
1329 3218 1729 3278 Justinianum
1779 3221 1835 3276 ct
1883 3218 2262 3276 Gelimerem.
2392 3264 2404 3278 .
2581 3260 2596 3275 .
2773 3260 2787 3274 .
2834 3224 2918 3276 28

415 3375 464 3448 §.
497 3379 594 3432 12.
666 3370 761 3430 De
807 3372 863 3429 vi
909 3375 1093 3446 atque
1138 3371 1351 3431 effectu
1398 3374 1843 3433 constitutionis
1891 3371 2216 3431 Genserici.
2309 3410 2325 3429 .
2500 3412 2518 3429 .
2694 3411 2708 3427 .
2840 3374 2918 3428 31

411 3523 619 3583 Notae.
809 3565 824 3580 .
1003 3565 1018 3579 .
1198 3563 1213 3580 .
1392 3563 1410 3583 .
1584 3566 1600 3582 .
1779 3566 1795 3582 .
1974 3566 1987 3580 .
2167 3564 2182 3580 .
2360 3562 2376 3580 .
2556 3564 2570 3578 .
2661 3528 2917 3582 34—42
