3530 5132
1553 167 1724 263 15⁷*

1465 257 1621 265 mog-*0⁷

350 345 494 413 aevi
527 367 746 435 reges,
803 342 1206 418 Gensericus
1256 353 1569 413 naturam
1601 340 2057 413 individuam
2094 342 2290 435 regni
2342 365 2657 436 expressa
2687 344 2848 436 lege

350 464 700 533 stabilivit.
756 464 962 548 Quae
1013 463 1146 531 hac
1198 463 1358 556 lege
1409 462 1499 531 de
1549 461 1960 531 successione
2009 471 2426 552 statuuntur,
2479 486 2656 532 nunc
2698 463 2847 556 jam

353 584 724 653 accuratius
776 582 1214 671 inquiramus·

556 704 713 771 Non
763 702 1033 788 sufficit,
1087 711 1164 770 ut
1212 700 1567 794 legislator
1615 700 2027 770 individuam
2077 701 2275 794 regni
2324 710 2633 770 naturam
2684 724 2851 770 cou-

351 824 608 907 stituat,
664 820 782 889 sed
837 823 1038 891 etiam
1089 821 1512 890 desideratur
1563 831 1750 890 certa
1801 842 2061 906 norma,
2117 842 2253 910 qua
2303 820 2372 887 in
2424 821 2659 917 quovis
2694 843 2851 915 casu

354 937 409 1010 is
462 941 891 1032 designatur,
963 941 1083 1029 qui
1136 964 1220 1009 ex
1269 940 1585 1032 pluribus
1654 939 1917 1031 agnatis
1988 939 2074 1007 ad
2125 940 2324 1033 regni
2373 941 2852 1010 successionem

356 1070 632 1127 vocatus
681 1060 791 1127 sit.
847 1060 1066 1128 Recte
1106 1058 1283 1151 juris
1340 1058 1604 1151 publici
1653 1058 1861 1149 periti
1912 1058 2335 1152 distinguunt
2385 1060 2560 1128 inter
2592 1056 2728 1151 jus
2786 1070 2856 1129 et

354 1179 687 1256 ordinem
737 1178 1137 1250 succedendi
1155 1169 1247 1247 ⁶³.
1286 1211 1291 1215 ·
2057 1165 2060 1168 ¹

562 1297 705 1366 Jus
754 1298 1192 1368 succedendi
1241 1297 1503 1365 habent
1556 1317 1802 1365 omnes
1853 1295 2124 1389 agnati,
2203 1296 2323 1385 qui
2374 1319 2414 1363 a
2463 1297 2692 1389 primo
2742 1319 2857 1364 ac-

367 1418 679 1507 quirente
729 1427 883 1486 sunt
920 1417 1224 1498 oriundi3
1277 1416 1538 1498 ordine
1569 1416 2007 1485 succedendi
2038 1437 2122 1483 ex
2157 1414 2468 1485 omnibus
2500 1416 2605 1486 his
2642 1439 2861 1509 agna-

361 1537 444 1605 tis
498 1558 670 1604 unus
721 1547 983 1606 tantum
1034 1535 1121 1604 ad
1193 1536 1671 1604 successionem
1723 1545 2046 1622 vocatur,
2125 1547 2334 1625 atque
2398 1545 2581 1609 certa
2656 1535 2858 1606 series

360 1655 808 1742 constituitur,
864 1680 946 1723 ex
999 1678 1135 1747 qua
1189 1655 1509 1746 deinceps
1559 1655 1811 1748 singuli
1864 1678 2273 1725 successores
2328 1656 2732 1748 perveniunt
2770 1654 2858 1723 ad

358 1798 668 1869 regnum.
1604 1767 1618 1774 ’

1401 1965 1811 1975 m

1565 2259 1584 2280 .
1630 2214 1700 2279 6.

452 2332 560 2391 DE
604 2329 811 2390 JURE
871 2326 1386 2389 SUCCEDENDI
1441 2216 1556 2387 132?
1611 2327 2262 2390 CONSTITUTIONE
2323 2330 2776 2392 GENSERICI.

566 2505 678 2573 Ex
698 2504 857 2596 lege
896 2502 1242 2572 Genserici
1266 2502 1354 2572 iis
1383 2511 1644 2572 tantum
1680 2496 1812 2594 jus
1844 2502 2252 2581 succedendi¹
2297 2506 2649 2598 competit,
2705 2504 2864 2594 qui:

531 2627 611 2717 1)
667 2624 1016 2692 Genserici
1066 2632 1220 2691 sunt
1270 2621 1784 2704 descendentes3
1837 2646 2035 2691 nemo
2087 2647 2436 2716 nmquam,
2490 2625 2610 2694 nisi
2648 2647 2731 2693 ex
2784 2645 2867 2691 eo

373 2743 736 2831 oriunduS,
806 2744 1286 2831 successionem
1354 2728 1483 2810 sibi
1537 2740 1877 2810 vindicare
1927 2753 2193 2834 potest:
2262 2796 2305 2831 „
2331 2743 2447 2838 τὴν
2509 2744 2865 2830 βασιλείαν

374 2864 470 2934 ἀεὶ
511 2862 856 2932 Βανδίλιυν
898 2864 965 2938 ἐς
1003 2867 1246 2932 τοῦτον
1286 2864 1473 2944 ἰέναι,
1533 2859 1607 2937 ὃς
1643 2899 1863 2913 -—-
1907 2857 2010 2930 αι’.)
2037 2871 2155 2952 τῷ
2205 2868 2473 2956 Γιζερ
2504 2867 2675 2950 ἰχῳ
2726 2889 2870 2930 κα·-

375 2983 478 3051 τὰ
515 3009 559 3069 γ
587 2984 664 3049 ἐν
690 3008 720 3048 ο
752 3007 786 3055 ς
829 3010 877 3050 π
901 3010 933 3073 ρ
958 3006 989 3047 ο
1015 3009 1049 3054 ς
1073 2983 1107 3070 ἡ
1131 3009 1171 3046 κ
1197 3007 1244 3044 ω
1264 2981 1376 3046 ν.“
1426 2976 1829 3046 Gensericus
1864 2979 2064 3062 enim,
2118 2976 2422 3068 quamvis
2461 3002 2545 3046 ex
2594 2978 2871 3067 antiqua

374 3098 834 3189 Asdingorum
886 3095 1081 3186 regia
1131 3094 1386 3162 familia
1437 3105 1645 3179 ortuS‚
1700 3104 1926 3162 tamen
1976 3094 2165 3163 haud
2215 3094 2463 3188 injuria
2514 3118 2649 3189 pro
2703 3096 2869 3189 pri-

375 3239 494 3284 mo
549 3214 974 3308 acquirente
1023 3212 1219 3305 regni
1270 3213 1657 3295 habebatur
1675 3203 1786 3296 643

527 3333 613 3425 2)
680 3345 906 3402 tamen
971 3356 1402 3422 nequaquam
1474 3355 1705 3401 omnes
1759 3331 2105 3402 Genserici
2179 3332 2654 3403 descendentes
2711 3329 2874 3425 jure

381 3453 784 3523 succedendi
834 3451 1157 3544 gaudent,
1210 3451 1328 3519 sed
1380 3453 1427 3519 ii
1478 3461 1763 3540 tantum,
1820 3453 1938 3547 qui
1990 3453 2120 3546 ipsi
2152 3463 2305 3523 sunt
2337 3452 2638 3548 generis
2677 3474 2869 3521 mas-

383 3573 604 3641 culini
657 3582 863 3662 atque
913 3593 1044 3664 per
1112 3591 1328 3639 mares
1396 3570 1812 3641 descendunt
1862 3596 1903 3639 a
1954 3573 2181 3664 primo
2238 3573 2663 3664 acquirente:
2736 3573 2872 3658 „3:24

383 3719 428 3780 γ
459 3689 600 3759 o'vo
627 3719 664 3759 υ
712 3689 1086 3784 ἅῤῥενος
1145 3684 1342 3777 αὐτῷ
1377 3693 1725 3783 Γιζερίχςυ
1767 3692 1948 3761 κατὰ
1990 3695 2186 3782 γένος
2228 3694 2655 3786 προςὴκωνέί
2761 3691 2875 3758 In-

379 3809 593 3878 valuit
642 3809 857 3902 igitur
908 3808 1098 3901 apud
1151 3805 1492 3875 Vandalos
1545 3809 1952 3900 principium
2003 3811 2463 3897 successionis,
2517 3810 2708 3900 quod
2756 3831 2877 3878 nos

385 3925 598 3995 hodie
647 3950 966 3997 vocamus
1017 3949 1218 3996 mere
1291 3926 1726 4021 agnaticum
1749 3978 1770 4016 ‚
1841 3952 1981 4020 quo
2033 3929 2323 3999 feminae
2379 3940 2587 4019 atque
2639 3950 2723 3996 ex
2772 3928 2880 3995 fe-

385 4045 577 4113 minis
671 4046 1148 4117 descendentes
1215 4045 1262 4115 i.
1332 4070 1393 4114 e.
1465 4070 1694 4117 omnes
1782 4049 2094 4142 cognati
2166 4073 2207 4117 a
2278 4049 2688 4119 successione
2763 4067 2878 4113 ex·

386 4163 772 4233 cluduntur.
881 4170 1041 4254 Quo
1091 4168 1160 4237 in
1213 4165 1555 4260 principio
1623 4167 1943 4261 agnatico
2024 4166 2313 4237 Vandali
2380 4189 2535 4241 cum
2602 4165 2882 4235 Francis

386 4282 931 4372 consentiebant,
1009 4284 1131 4378 qui
1179 4278 1450 4357 filiabus
1530 4287 1964 4379 filiarumque
2013 4286 2571 4358 descendentibus
2620 4286 2882 4359 nullum
