3530 5132
1623 225 1664 287 5

1498 308 1561 321 *-

597 401 1082 473 Deficientibns
1133 402 1323 488 filiis,
1398 401 1610 470 frater
1680 401 1982 470 defuncti
2052 403 2231 493 regis
2304 402 2664 490 fratrisque
2717 405 2890 471 filius

396 521 788 592 habebatur
836 521 1182 613 legitimus
1234 544 1596 591 successor.
1699 520 2167 590 Guntramnus
2220 543 2340 589 rex
2393 521 2621 588 fratris
2677 523 2892 592 filium

398 641 504 710 his
555 642 777 711 verbis
829 640 1198 710 declaravit
1248 643 1446 733 regni
1494 639 1866 709 heredem:
1955 640 2200 728 „Nihil
2256 640 2429 708 enim
2453 690 2471 725 ,
2540 640 2754 726 dixit,
2808 642 2896 709 de

401 762 616 851 stirpe
667 781 819 828 mea
870 760 1222 846 remansit,
1276 760 1400 829 nisi
1450 770 1526 830 tu
1579 768 1842 828 tantum
1868 811 1886 847 ,
1940 761 2060 850 qui
2111 761 2259 827 mei*
2295 759 2518 828 fratris
2573 783 2641 828 es
2693 762 2893 828 filius-

402 881 519 948 Tu
572 880 748 947 enim
796 878 994 948 heres
1044 880 1118 947 in
1170 886 1353 947 omni
1405 902 1623 971 regno
1674 902 1829 946 meo
1880 879 2240 948 succerle.“
2293 879 2593 973 Gregor.
2629 880 2746 966 Vl,
2772 880 2894 948 33.

401 997 482 1065 Si
521 999 791 1092 plures
839 999 961 1068 filii
1012 998 1295 1068 aderant
1320 988 1410 1082 ¹⁸,
1463 1009 1624 1067 natu
1678 1000 2010 1068 maximus
2058 1022 2488 1090 nequaquam
2527 999 2707 1066 solus
2746 1022 2900 1066 suc-

396 1118 692 1188 cedebat
713 1170 733 1207 ,
818 1118 936 1188 sed
987 1141 1277 1211 regnum
1344 1116 1774 1187 dividebatur
1844 1119 2018 1186 inter
2071 1141 2298 1186 omnes
2350 1119 2547 1186 filios.
2655 1118 2900 1187 Omnes

404 1239 681 1307 masculi
703 1292 722 1323 ‚
798 1240 920 1329 qui
989 1262 1072 1306 ex
1138 1238 1706 1329 Merovingorum
1781 1237 2035 1304 familia
2108 1237 2441 1329 originem
2514 1238 2899 1321 trahebant,

392 1356 557 1448 jure
615 1358 1016 1428 succedendi
1070 1356 1493 1449 gaudebant.
1550 1358 1704 1424 Nec
1752 1379 2076 1445 umquam
2131 1333 2251 1423 resi
2301 1383 2341 1424 a
2375 1357 2654 1424 Francis
2706 1359 2900 1448 agni·

403 1486 512 1545 tus
566 1488 687 1564 est,
748 1477 868 1568 qui
919 1474 1487 1568 Merovingorum
1553 1473 1898 1569 sanguinis
1947 1498 2081 1542 non
2131 1474 2364 1544 fuisset
2388 1468 2510 1544 ¹⁹.·
2579 1476 2906 1544 Rebelles

395 1595 533 1686 ipsi
584 1605 819 1664 contra
852 1592 1231 1687 legitimam
1263 1618 1509 1688 regum
1546 1605 1974 1688 potestatem,
2031 1606 2107 1663 ut
2141 1595 2582 1663 Mundericus
2615 1606 2682 1663 et
2706 1594 2907 1664 Gun-

403 1714 774 1802 dovaldus,
845 1727 1003 1783 ante
1053 1716 1279 1783 omnia
1329 1715 1871 1809 praetendebant
1924 1737 1997 1781 se
2048 1737 2129 1783 ex
2182 1715 2746 1807 Mer-ovingorum
2801 1715 2907 1784 fa-

403 1828 589 1902 milia
639 1834 959 1904 oriundos
1013 1858 1152 1904 esse
1179 1827 1268 1902 ²0.

609 1953 951 2022 Enervata
1000 1954 1150 2045 ipsa
1201 1955 1770 2045 Merovingorum
1844 1954 2047 2043 stirps
2119 1977 2247 2044 per
2300 1956 2584 2045 longum
2639 1963 2908 2044 tempus

405 2071 742 2139 retinebat
792 2073 1084 2164 priscam
1138 2072 1477 2163 majorum
1531 2072 1932 2162 dignitatem
1988 2081 2197 2158 atque
2250 2071 2710 2156 Grimoaldus,
2767 2094 2907 2138 ma·

396 2188 517 2281 jor
569 2189 808 2257 domus
878 2191 1422 2282 potentissimus,
1496 2189 1613 2277 qui
1683 2190 2106 2257 Francorum
2175 2210 2466 2280 regnum
2535 2189 2623 2259 ad
2693 2190 2910 2257 filium

407 2333 604 2378 suum
657 2309 1024 2377 transferre
1076 2310 1351 2393 studuit,
1403 2309 1583 2376 hanc
1634 2308 2086 2376 temeritatem
2140 2308 2365 2398 capite
2416 2309 2674 2377 luebat.
2745 2310 2910 2376 Ma-

408 2430 588 2496 xima
641 2439 787 2496 crat
839 2452 1067 2497 rerum
1120 2428 1505 2513 conversio,
1560 2450 1714 2495 cum
1776 2427 2057 2518 Pipinus
2110 2425 2406 2518 deniqne
2457 2427 2770 2496 ultimum
2825 2450 2909 2496 ex

406 2572 659 2641 genere
734 2548 1300 2640 Merotingorum
1372 2571 1609 2641 regem
1678 2547 1851 2615 solio
1926 2546 2122 2638 regio
2176 2547 2446 2644 depulit
2500 2559 2707 2637 atque
2761 2548 2911 2639 ipse

408 2690 698 2759 regnum
754 2690 1104 2757 capessere
1156 2691 1354 2736 ausus
1406 2679 1524 2734 est.
1627 2667 1818 2749 Quae
1888 2667 2169 2756 quidem
2222 2668 2576 2758 usurpatio
2610 2668 2750 2735 sine
2801 2690 2910 2735 ec-

408 2787 648 2855 clesiae
698 2809 784 2854 ac
833 2785 1095 2853 Summi
1154 2787 1489 2877 pontificis
1545 2788 1954 2853 auctoritate
2004 2786 2245 2853 sanciri
2298 2809 2428 2854 non
2483 2787 2732 2878 potuit.

818 2954 986 3040 IV.
1047 2946 1868 3066 Langobardi.

564 3141 770 3207 Nulla
822 3140 995 3206 inter
1046 3138 1544 3229 Langobardos
1614 3138 1869 3205 familia
1919 3139 2125 3206 talem
2179 3137 2473 3207 obtinuit
2523 3160 2651 3230 per
2701 3140 2916 3207 multa

411 3260 676 3328 saecula
729 3258 1218 3344 auctoritatem,
1276 3260 1548 3349 qualem
1598 3258 1939 3326 habuerat
1986 3258 2163 3325 inter
2204 3257 2667 3350 Ostrogothus
2704 3260 2916 3327 Ama-

415 3380 660 3464 lorum,
715 3379 888 3444 inter
939 3378 1239 3447 Francos
1278 3378 1846 3470 Merovingorum
1880 3400 2070 3468 gens.
2122 3378 2360 3445 Primo
2410 3388 2692 3468 aspectu
2729 3378 2915 3444 nulla

410 3496 809 3567 succedendi
846 3498 1126 3588 regula,
1179 3496 1298 3565 sed
1333 3497 1684 3566 arbitrium
1725 3509 1933 3587 atque
1968 3521 2154 3565 casus
2188 3498 2259 3565 in
2298 3496 2601 3564 creandis
2637 3497 2915 3588 regibus

412 3619 695 3686 valuisse
746 3616 1038 3685 videtur.
1110 3614 1252 3683 Sed
1304 3618 1673 3686 accuratius
1724 3616 2178 3705 inquirenteS,
2234 3617 2436 3684 etiam
2491 3615 2680 3707 apud
2731 3615 2914 3682 Lan-

414 3736 785 3829 gobardos,
839 3736 908 3803 in
959 3737 1171 3829 longa
1221 3759 1468 3827 regum
1517 3736 1708 3821 serie,
1763 3736 2104 3826 quandam
2157 3737 2450 3804 familiae
2482 3735 2713 3824 regiae
2750 3757 2917 3800 con-

414 3856 854 3926 tinuationem
907 3866 1114 3944 atque
1163 3855 1340 3940 inter
1390 3855 1688 3947 singulos
1740 3878 1938 3947 reges
1971 3878 2350 3925 connexum
2382 3853 2914 3947 propinquitatis

417 3975 711 4043 invenire
761 3997 1115 4065 possumus
1136 3965 1227 4042 ²¹.

620 4094 834 4161 Primi
906 4093 1527 4186 Langobardorum
1599 4115 1799 4182 reges
1870 4115 1949 4158 ex
2030 4091 2610 4183 szgingorum
2665 4085 2917 4154 familia

417 4212 874 4298 sumebantur,
927 4237 1104 4303 quae
1137 4212 1310 4281 inter
1351 4236 1464 4281 eos
1515 4212 1952 4303 „generosior
2003 4211 2385 4276 habebatur
2433 4197 2915 4297 prosapia“²²t

424 4332 620 4417 Quae
653 4330 926 4421 quidem
980 4333 1235 4401 familia
1277 4330 1421 4422 jam
1460 4354 1611 4400 cum
1646 4331 2093 4417 Lamichone,
2149 4328 2350 4397 tertio
2378 4349 2563 4418 rege,
2625 4324 2914 4396 extincta
