3530 5132
1848 125 1887 185 2

626 305 1036 399 ostrogothi
1126 302 1296 369 nihil
1386 302 1673 395 sanctius
1740 284 2126 399 habebant,
2234 323 2438 391 quam
2507 303 2772 395 regiam
2840 302 3125 394 stirpem

624 427 1069 506 Amalorum,
1143 422 1339 489 Jorn.
1412 421 1500 487 de
1570 422 1777 490 rebus
1838 412 2102 490 Geticis
2184 421 2302 488 13.
2426 419 2641 515 Apud
2716 420 3124 515 visigothos

626 546 872 636 „origo
897 542 1178 611 mirifica
1199 562 1280 607 ex
1301 563 1554 631 genere
1580 534 2066 628 Baltharum,“
2086 541 2583 626 celebrabatur,
2606 541 2805 609 Jorn.
2826 521 3132 632 capss293

627 665 815 758 apud
869 659 1368 752 Langobardos
1420 660 1801 751 „prosapia
1853 659 2386 754 Gungingorum
2456 661 2852 753 generosior
2903 659 3127 728 habe-

633 786 906 867 batur,“
959 781 1158 849 Paul.
1196 780 1386 846 Diae.
1416 779 1591 865 l,14.
1645 780 1878 871 Reges
1929 780 2489 873 Anglosaxonum
2542 780 2894 873 originem
2926 801 3132 870 repe-

632 905 867 970 tebant
893 925 929 966 a
958 899 1295 983 Wodano,
1348 922 1612 966 summo
1648 907 1718 966 et
1749 898 2043 968 maximo
2068 899 2397 967 Deorum.
2448 899 2722 984 Heruli,
2775 898 3128 989 Procopio

628 1031 843 1105 teste,
918 1020 1181 1110 legatos
1234 1018 1302 1084 in
1355 1016 1871 1086 Scandinaviam
1945 1019 2313 1104 miserunt,
2386 1029 2462 1087 ut
2513 1018 2653 1086 illic
2705 1019 3129 1112 prognatum

628 1162 711 1207 ex
736 1138 1060 1230 sanguine
1099 1137 1295 1229 regio
1347 1141 1688 1233 „aiffa-:09
1731 1140 1855 1206 τοῦ
1895 1139 2309 1222 βασιλείουίί
2345 1150 2771 1228 quaererent,
2810 1139 2930 1228 qui
2965 1137 3128 1230 Ipsis

628 1257 717 1326 ad
768 1255 1206 1326 obtinendam
1261 1256 1522 1349 regiam
1576 1265 1986 1347 potestatem
2035 1257 2214 1325 solus
2246 1267 2451 1349 aptus
2486 1258 2705 1348 eaque
2742 1256 2989 1352 dignus
3021 1242 3129 1324 vi·-

627 1377 923 1461 deretur,
993 1376 1294 1466 Procop.
1350 1376 1438 1443 de
1488 1377 1675 1443 bello
1729 1375 1947 1446 Goth.
2000 1377 2107 1463 11,
2167 1376 2287 1446 15.
2394 1376 2654 1446 Tantus
2731 1386 2876 1445 erat
2915 1375 3132 1468 <apud

631 1520 861 1565 omnes
894 1496 1395 1564 Germanorum
1430 1495 1730 1564 nationes
1782 1496 2016 1589 regiae
2066 1497 2360 1564 familiae
2412 1498 2628 1566 cultus
2680 1520 2759 1563 ac
2810 1518 3131 1564 reveren-

630 1618 748 1684 tia.
801 1613 1152 1705 Sanguine
1204 1613 1398 1705 regio
1452 1615 1814 1707 prognatis
1855 1616 1972 1706 jus
2024 1624 2170 1683 erat
2220 1614 2645 1704 succedendi,
2700 1638 2823 1683 nec
2853 1613 2973 1683 ulli
3010 1636 3134 1681 ex-

632 1745 868 1804 traneo
920 1755 1246 1802 coronam
1316 1733 1597 1825 adipisci
1673 1735 1924 1802 licebat
1946 1784 1965 1820 ,
2046 1735 2280 1825 aliquo
2371 1734 2733 1825 superstite
2804 1758 2889 1802 ex
2939 1734 3132 1826 regia

631 1852 867 1944 stirpe.
973 1851 1088 1919 Sic
1154 1848 1574 1940 Jornandes,
1651 1852 2047 1924 Gothorum
2116 1854 2377 1945 regiam
2430 1854 2713 1945 stirpem
2765 1856 3131 1938 celebranS,

636 1974 1009 2040 exclamat:
1081 1972 1456 2058 „Quisnam
1509 1973 1596 2041 ‹le
1646 1974 1896 2041 Amalo
1946 1973 2314 2059 dubitaret,
2369 1975 2421 2041 si
2473 1987 2765 2043 vacasset
2820 1973 3130 2066 (regem)

637 2091 893 2183 eligere
917 2090 982 2159 !“
1015 2082 1048 2126 ⁵
1911 2079 1916 2083 ¹

839 2210 1099 2302 Agnito
1153 2220 1380 2285 autem
1432 2212 1569 2279 hoc
1623 2214 1826 2282 totius
1880 2214 2114 2305 regiae
2143 2213 2460 2281 'familiae
2498 2211 2682 2304 jare
2712 2210 3132 2294 succedendi,

640 2329 830 2405 ordo
884 2327 1285 2397 succedendi
1337 2331 1599 2398 ratione
1649 2332 1848 2398 firma
1903 2341 1970 2398 et
2006 2332 2407 2399 immutabili
2444 2355 2578 2398 non
2610 2331 2942 2401 stabilitus
2967 2339 3131 2397 erat.

640 2447 782 2514 Sed
834 2447 1197 2515 constituto
1249 2470 1401 2515 cum
1480 2448 1673 2540 regia
1753 2457 2092 2539 potestate
2150 2446 2312 2540 jure
2380 2448 2795 2518 hereditario
2817 2501 2836 2537 ,
2914 2462 3138 2518 tamen

633 2564 748 2657 Jus
802 2563 1097 2657 eligendi
1152 2569 1420 2658 populo
1473 2590 1607 2634 non
1661 2569 1868 2658 plane
1920 2579 2066 2636 erat
2118 2569 2487 2640 ademtum.
2576 2570 2861 2667 Sacrum
2914 2581 2982 2639 et
3033 2570 3138 2636 in-

641 2685 965 2752 violabile
1016 2687 1331 2754 remansit
1373 2686 1489 2779 jus
1546 2688 1778 2779 regiae
1820 2688 2150 2771 familiae3
2204 2690 2310 2758 cui
2346 2700 2571 2759 tamen
2607 2714 2690 2759 ex
2722 2692 2855 2760 hac
2887 2689 3143 2758 familia

644 2802 1138 2874 succedendum
1193 2817 1401 2891 esset,
1481 2830 1616 2874 non
1682 2817 1870 2877 certo
1942 2810 2365 2879 successionis
2418 2810 2654 2877 ordine
2688 2820 2856 2892 ⁴erat
2907 2808 3146 2875 defini·

645 2936 815 3009 tum,
869 2903 987 2991 sed
1039 2926 1340 3015 populus
1393 2926 1855 3018 dignissimum
1906 2929 2033 2997 sibi
2087 2952 2170 2998 ex
2223 2929 2533 2998 omnibus
2581 2927 2816 3020 regiae
2848 2925 3145 2993 familiae

650 3045 954 3112 masculis
1009 3044 1332 3135 eligebat.
1387 3047 1599 3139 Apud
1654 3048 2035 3118 Germanos
2085 3049 2297 3141 igitur
2320 3047 2438 3140 jus
2470 3047 2959 3117 hereditarium
2990 3068 3145 3115 cum

650 3165 976 3232 electione
1030 3163 1122 3231 ita
1177 3176 1276 3234 est
1327 3168 1796 3260 conjunctum,
1877 3180 1953 3236 ut
2024 3166 2213 3237 haud
2288 3168 2626 3236 immerito
2692 3166 3147 3258 antiquissima

652 3283 1149 3351 Germanorum
1206 3309 1420 3377 regna
1472 3283 2308 3383 llereditaria-electicia
2383 3287 2811 3355 nominentur
2830 3277 2889 3355 ⁶.
2992 3286 3148 3352 «Iam

652 3403 930 3471 Tacitus
982 3404 1282 3470 breviter
1333 3404 1583 3472 indicat
1635 3404 1813 3471 hanc
1848 3402 2144 3494 eligendi
2176 3403 2507 3474 rationem
2538 3406 2644 3476 his
2668 3406 2937 3475 verbis:
2989 3426 3150 3491 „re-

652 3544 774 3611 ges
826 3543 908 3587 ex
963 3522 1317 3590 nobilitate
1369 3526 1713 3591 sumunt-‘⁴
1764 3522 2100 3591 Nobilitas
2154 3524 2433 3615 quidem
2488 3548 2747 3595 summa
2798 3547 2876 3592 ac
2927 3521 3152 3615 prima

653 3639 722 3704 in
773 3648 917 3704 tota
969 3639 1237 3708 natione
1287 3641 1332 3709 i.
1384 3665 1445 3710 e.
1501 3664 1584 3709 ex
1635 3651 1843 3733 gente
1894 3643 2086 3736 regia
2130 3645 2329 3737 origo
2382 3654 2482 3713 est
2540 3643 2942 3714 succedendi
2999 3666 3156 3710 con·

656 3756 827 3860 ditio
877 3780 955 3823 ac
1012 3757 1564 3846 fundamentum,
1642 3760 1761 3829 sed
1830 3773 2121 3834 sumunt
2188 3765 2563 3857 populares
2628 3788 2711 3832 ex
2755 3764 2895 3834 hac
2946 3773 3155 3856 gente

659 3898 837 3962 eum,
892 3899 1096 3965 quem
1151 3877 1485 3967 optimum
1542 3890 1611 3949 et
1663 3881 2081 3951 utilissimum
2134 3882 2418 3951 habent.

866 3997 1023 4082 Qua
1074 3998 1336 4065 ratione
1386 4000 1474 4066 ab
1516 4000 1706 4068 initio
1742 4002 1810 4069 in
1836 4002 2335 4071 Germanorum
2374 4002 2600 4094 regnis
2641 4000 2758 4092 jus
2809 4001 3159 4070 heredita-

659 4115 835 4182 rium
886 4116 1120 4208 regiae
1171 4117 1465 4186 familiae
1518 4144 1668 4190 cum
1724 4121 2054 4191 electione
2085 4121 2333 4213 populi
2370 4120 2802 4213 conjunctum
2828 4120 2933 4208 sit,
2986 4145 3161 4192 nunc

664 4236 894 4324 paucis
948 4236 1575 4310 demonstrabimus.
